date,game,# of registrations,max ccu,avg ccu,# of unique users, revenue ,# of paying users,paying rate,arpu,arppu
1/1/14,Z Force,456,"2,531","1,665","8,455","$7,160",387,4.58%,$0.85,$18.50
1/1/14,Ranger Danger,"1,529","6,049","4,390","19,176","$16,057","1,235",6.44%,$0.84,$13.00
1/1/14,Queen Bee,219,"4,146","3,576","11,571","$7,410",232,2.01%,$0.64,$31.94
1/2/14,Z Force,435,"2,342","1,428","8,268","$7,665",371,4.49%,$0.93,$20.66
1/2/14,Ranger Danger,"1,891","5,806","4,010","19,356","$14,090","1,105",5.71%,$0.73,$12.75
1/2/14,Queen Bee,232,"4,102","3,069","11,551","$7,248",252,2.18%,$0.63,$28.76
1/3/14,Z Force,627,"2,733","1,613","9,086","$8,700",465,5.12%,$0.96,$18.71
1/3/14,Ranger Danger,"1,121","6,040","4,350","18,407","$14,008","1,169",6.35%,$0.76,$11.98
1/3/14,Queen Bee,246,"4,438","3,521","11,916","$9,273",286,2.40%,$0.78,$32.42
1/4/14,Z Force,492,"2,708","1,705","9,033","$8,333",473,5.24%,$0.92,$17.62
1/4/14,Ranger Danger,"1,611","5,972","4,469","19,078","$14,146","1,217",6.38%,$0.74,$11.62
1/4/14,Queen Bee,231,"6,431","5,647","13,141","$10,435",315,2.40%,$0.79,$33.13
1/5/14,Z Force,464,"2,561","1,638","8,609","$7,639",444,5.16%,$0.89,$17.21
1/5/14,Ranger Danger,"1,548","6,259","4,477","19,301","$13,415","1,224",6.34%,$0.70,$10.96
1/5/14,Queen Bee,202,"4,957","4,218","12,247","$6,187",216,1.76%,$0.51,$28.64
1/6/14,Z Force,423,"2,281","1,280","8,286","$7,283",385,4.65%,$0.88,$18.92
1/6/14,Ranger Danger,"1,291","5,786","4,067","17,913","$14,693","1,115",6.23%,$0.82,$13.18
1/6/14,Queen Bee,202,"4,006","3,450","11,340","$5,695",195,1.72%,$0.50,$29.20
1/7/14,Z Force,381,"2,191","1,263","7,484","$6,513",353,4.72%,$0.87,$18.45
1/7/14,Ranger Danger,"1,283","5,681","3,916","16,993","$13,809","1,042",6.13%,$0.81,$13.25
1/7/14,Queen Bee,199,"3,898","3,331","11,150","$6,384",209,1.87%,$0.57,$30.54
1/8/14,Z Force,363,"2,043","1,166","7,061","$6,058",341,4.83%,$0.86,$17.76
1/8/14,Ranger Danger,"1,509","5,534","3,794","16,984","$12,319","1,025",6.04%,$0.73,$12.02
1/8/14,Queen Bee,176,"3,922","3,336","11,124","$7,579",225,2.02%,$0.68,$33.68
1/9/14,Z Force,309,"2,003","1,117","6,757","$6,039",321,4.75%,$0.89,$18.81
1/9/14,Ranger Danger,"1,233","5,414","3,590","16,313","$11,175",938,5.75%,$0.69,$11.91
1/9/14,Queen Bee,167,"3,506","2,776","10,822","$20,852",409,3.78%,$1.93,$50.98
1/10/14,Z Force,549,"2,108","1,032","7,530","$6,166",327,4.34%,$0.82,$18.86
1/10/14,Ranger Danger,"1,281","5,931","3,404","16,910","$12,410",981,5.80%,$0.73,$12.65
1/10/14,Queen Bee,202,"4,030","3,313","11,514","$16,979",299,2.60%,$1.47,$56.79
1/11/14,Z Force,491,"2,369","1,465","8,291","$6,573",351,4.23%,$0.79,$18.73
1/11/14,Ranger Danger,976,"5,681","3,946","17,701","$11,989",989,5.59%,$0.68,$12.12
1/11/14,Queen Bee,206,"6,172","5,017","12,701","$10,283",236,1.86%,$0.81,$43.57
1/12/14,Z Force,453,"2,383","1,489","7,854","$6,070",371,4.72%,$0.77,$16.36
1/12/14,Ranger Danger,"1,626","5,578","4,087","17,713","$11,720","1,036",5.85%,$0.66,$11.31
1/12/14,Queen Bee,196,"4,509","3,662","11,695","$8,934",174,1.49%,$0.76,$51.35
1/13/14,Z Force,344,"1,740",994,"6,734","$6,932",288,4.28%,$1.03,$24.07
1/13/14,Ranger Danger,"1,464","4,885","3,409","16,552","$10,804",862,5.21%,$0.65,$12.53
1/13/14,Queen Bee,176,"3,788","3,264","11,055","$10,401",193,1.75%,$0.94,$53.89
1/14/14,Z Force,288,"1,952","1,105","6,714","$6,270",320,4.77%,$0.93,$19.59
1/14/14,Ranger Danger,"1,828","5,036","3,588","16,675","$11,760",925,5.55%,$0.71,$12.71
1/14/14,Queen Bee,198,"3,765","3,240","10,994","$8,213",172,1.56%,$0.75,$47.75
1/15/14,Z Force,294,"1,904","1,040","6,403","$6,780",323,5.05%,$1.06,$20.99
1/15/14,Ranger Danger,855,"5,137","3,483","15,196","$10,498",888,5.84%,$0.69,$11.82
1/15/14,Queen Bee,213,"3,647","3,110","10,923","$8,434",157,1.44%,$0.77,$53.72
1/16/14,Z Force,189,"2,029","1,099","6,293","$9,407",426,6.77%,$1.49,$22.08
1/16/14,Ranger Danger,"1,126","5,119","3,091","14,687","$8,702",725,4.94%,$0.59,$12.00
1/16/14,Queen Bee,139,"3,538","2,891","10,717","$13,223",313,2.92%,$1.23,$42.25
1/17/14,Z Force,352,"2,289","1,232","6,965","$7,823",419,6.02%,$1.12,$18.67
1/17/14,Ranger Danger,672,"5,585","3,811","15,981","$11,532",915,5.73%,$0.72,$12.60
1/17/14,Queen Bee,163,"4,272","3,693","11,331","$15,053",311,2.75%,$1.33,$48.40
1/18/14,Z Force,711,"2,653","1,703","8,153","$9,694",539,6.61%,$1.19,$17.98
1/18/14,Ranger Danger,"1,180","5,584","4,256","17,447","$13,240","1,052",6.03%,$0.76,$12.59
1/18/14,Queen Bee,189,"4,600","4,000","11,508","$14,833",312,2.71%,$1.29,$47.54
1/19/14,Z Force,486,"2,634","1,747","8,334","$9,947",578,6.94%,$1.19,$17.21
1/19/14,Ranger Danger,"1,296","5,752","4,352","17,674","$11,699","1,065",6.03%,$0.66,$10.98
1/19/14,Queen Bee,195,"4,661","3,940","11,635","$12,087",234,2.01%,$1.04,$51.66
1/20/14,Z Force,440,"2,544","1,594","7,858","$8,694",509,6.48%,$1.11,$17.08
1/20/14,Ranger Danger,"1,238","5,764","4,151","17,341","$11,956","1,046",6.03%,$0.69,$11.43
1/20/14,Queen Bee,230,"4,165","3,579","11,226","$11,689",238,2.12%,$1.04,$49.11
1/21/14,Z Force,364,"2,182","1,248","7,112","$5,303",335,4.71%,$0.75,$15.83
1/21/14,Ranger Danger,"1,560","5,607","3,870","16,837","$10,627",881,5.23%,$0.63,$12.06
1/21/14,Queen Bee,217,"4,111","3,548","11,209","$7,495",172,1.53%,$0.67,$43.57
1/22/14,Z Force,310,"2,033","1,075","6,629","$4,872",294,4.44%,$0.73,$16.57
1/22/14,Ranger Danger,"1,220","5,366","3,598","15,313","$9,144",745,4.87%,$0.60,$12.27
1/22/14,Queen Bee,195,"4,028","3,482","11,091","$7,188",162,1.46%,$0.65,$44.37
1/23/14,Z Force,296,"2,030","1,092","6,811","$5,638",318,4.67%,$0.83,$17.73
1/23/14,Ranger Danger,489,"3,668","1,874","12,261","$26,165","1,160",9.46%,$2.13,$22.56
1/23/14,Queen Bee,194,"3,954","3,345","10,921","$4,691",131,1.20%,$0.43,$35.81
1/24/14,Z Force,592,"2,233","1,251","7,449","$6,295",369,4.95%,$0.85,$17.06
1/24/14,Ranger Danger,"1,729","4,541","2,730","15,981","$24,264","1,415",8.85%,$1.52,$17.15
1/24/14,Queen Bee,184,"3,729","3,094","10,695","$6,249",177,1.66%,$0.58,$35.30
1/25/14,Z Force,435,"2,631","1,641","8,008","$7,055",406,5.07%,$0.88,$17.38
1/25/14,Ranger Danger,826,"5,175","3,744","17,011","$22,822","1,525",8.97%,$1.34,$14.97
1/25/14,Queen Bee,210,"4,409","3,812","11,144","$5,815",178,1.60%,$0.52,$32.67
1/26/14,Z Force,398,"2,542","1,627","7,790","$6,755",413,5.30%,$0.87,$16.35
1/26/14,Ranger Danger,"1,303","5,358","3,845","17,381","$17,953","1,373",7.90%,$1.03,$13.08
1/26/14,Queen Bee,185,"4,423","3,721","11,225","$4,980",162,1.44%,$0.44,$30.74
1/27/14,Z Force,329,"2,121","1,269","6,967","$5,900",351,5.04%,$0.85,$16.81
1/27/14,Ranger Danger,"1,499","4,996","3,434","16,434","$14,622","1,148",6.99%,$0.89,$12.74
1/27/14,Queen Bee,226,"3,921","3,387","10,714","$4,131",123,1.15%,$0.39,$33.59
1/28/14,Z Force,334,"2,077","1,095","6,755","$6,148",342,5.06%,$0.91,$17.98
1/28/14,Ranger Danger,"1,035","5,046","3,291","16,012","$13,617","1,087",6.79%,$0.85,$12.53
1/28/14,Queen Bee,211,"3,293","2,746","10,618","$4,406",129,1.22%,$0.41,$34.15
1/29/14,Z Force,283,"1,870","1,066","6,337","$4,376",285,4.50%,$0.69,$15.35
1/29/14,Ranger Danger,"1,043","4,336","3,117","15,583","$14,089","1,082",6.94%,$0.90,$13.02
1/29/14,Queen Bee,155,"3,820","3,254","10,700","$4,102",125,1.17%,$0.38,$32.82
1/30/14,Z Force,296,"1,864","1,027","6,213","$6,014",323,5.20%,$0.97,$18.62
1/30/14,Ranger Danger,527,"4,348","2,659","14,377","$14,382","1,099",7.64%,$1.00,$13.09
1/30/14,Queen Bee,139,"3,290","2,753","10,101","$3,935",117,1.16%,$0.39,$33.64
1/31/14,Z Force,325,"2,191","1,204","7,061","$7,323",381,5.40%,$1.04,$19.22
1/31/14,Ranger Danger,"1,033","4,735","2,916","15,467","$17,122","1,198",7.75%,$1.11,$14.29
1/31/14,Queen Bee,178,"4,271","3,354","10,810","$4,698",155,1.43%,$0.43,$30.31
2/1/14,Z Force,422,"2,177","1,399","7,261","$8,186",402,5.54%,$1.13,$20.36
2/1/14,Ranger Danger,935,"5,170","3,799","16,271","$19,104","1,342",8.25%,$1.17,$14.24
2/1/14,Queen Bee,220,"6,622","5,663","12,449","$35,449",738,5.93%,$2.85,$48.03
2/2/14,Z Force,397,"2,020","1,302","6,993","$7,464",376,5.38%,$1.07,$19.85
2/2/14,Ranger Danger,"1,259","5,094","3,754","16,410","$16,239","1,262",7.69%,$0.99,$12.87
2/2/14,Queen Bee,200,"4,589","3,900","11,376","$3,639",131,1.15%,$0.32,$27.78
2/3/14,Z Force,257,"1,827","1,022","6,084","$5,952",348,5.72%,$0.98,$17.10
2/3/14,Ranger Danger,"1,521","4,842","3,293","15,594","$15,438","1,159",7.43%,$0.99,$13.32
2/3/14,Queen Bee,162,"3,956","3,391","10,538","$3,293",132,1.25%,$0.31,$24.94
2/4/14,Z Force,266,"1,830",971,"5,960","$5,538",296,4.97%,$0.93,$18.71
2/4/14,Ranger Danger,988,"4,835","3,179","14,785","$17,023","1,169",7.91%,$1.15,$14.56
2/4/14,Queen Bee,150,"3,851","3,334","10,544","$3,455",118,1.12%,$0.33,$29.28
2/5/14,Z Force,264,"1,701",998,"5,786","$4,516",257,4.44%,$0.78,$17.57
2/5/14,Ranger Danger,856,"3,879","2,396","14,268","$26,188","1,710",11.99%,$1.84,$15.31
2/5/14,Queen Bee,154,"3,921","3,353","10,755","$3,277",124,1.15%,$0.30,$26.43
2/6/14,Z Force,244,"1,759",948,"5,821","$6,327",326,5.60%,$1.09,$19.41
2/6/14,Ranger Danger,"1,200","4,736","3,140","14,930","$19,705","1,338",8.96%,$1.32,$14.73
2/6/14,Queen Bee,137,"3,706","2,888","10,783","$2,676",122,1.13%,$0.25,$21.94
2/7/14,Z Force,279,"2,086","1,101","6,455","$5,915",321,4.97%,$0.92,$18.43
2/7/14,Ranger Danger,"1,296","4,942","3,129","15,653","$16,993","1,236",7.90%,$1.09,$13.75
2/7/14,Queen Bee,165,"4,200","3,691","11,241","$4,541",179,1.59%,$0.40,$25.37
2/8/14,Z Force,499,"2,119","1,398","7,122","$6,825",361,5.07%,$0.96,$18.91
2/8/14,Ranger Danger,652,"4,865","3,514","16,152","$16,924","1,345",8.33%,$1.05,$12.58
2/8/14,Queen Bee,132,"4,736","4,101","11,539","$5,689",201,1.74%,$0.49,$28.30
2/9/14,Z Force,507,"2,265","1,513","7,045","$6,890",391,5.55%,$0.98,$17.62
2/9/14,Ranger Danger,"1,370","5,168","3,792","16,691","$14,763","1,261",7.56%,$0.88,$11.71
2/9/14,Queen Bee,233,"4,705","3,990","11,553","$3,704",162,1.40%,$0.32,$22.87
2/10/14,Z Force,252,"1,890","1,065","6,112","$5,242",274,4.48%,$0.86,$19.13
2/10/14,Ranger Danger,"1,597","4,904","3,244","15,700","$12,054","1,068",6.80%,$0.77,$11.29
2/10/14,Queen Bee,186,"4,312","3,679","11,253","$3,704",125,1.11%,$0.33,$29.63
2/11/14,Z Force,307,"1,821",988,"6,139","$5,400",292,4.76%,$0.88,$18.49
2/11/14,Ranger Danger,"1,062","4,819","3,112","15,069","$12,562",997,6.62%,$0.83,$12.60
2/11/14,Queen Bee,194,"4,205","3,632","11,173","$3,824",141,1.26%,$0.34,$27.12
2/12/14,Z Force,321,"1,872","1,030","6,490","$5,417",282,4.35%,$0.83,$19.21
2/12/14,Ranger Danger,"1,152","4,601","3,068","15,050","$12,615",937,6.23%,$0.84,$13.46
2/12/14,Queen Bee,207,"4,079","3,500","11,202","$14,562",311,2.78%,$1.30,$46.82
2/13/14,Z Force,499,"2,484","1,360","7,794","$31,494",843,10.82%,$4.04,$37.36
2/13/14,Ranger Danger,"1,148","5,009","2,864","14,705","$11,918",938,6.38%,$0.81,$12.71
2/13/14,Queen Bee,166,"3,601","2,835","10,643","$7,853",218,2.05%,$0.74,$36.02
2/14/14,Z Force,561,"2,922","1,697","9,167","$24,595",804,8.77%,$2.68,$30.59
2/14/14,Ranger Danger,"1,063","4,903","3,433","15,898","$14,911","1,183",7.44%,$0.94,$12.60
2/14/14,Queen Bee,170,"4,481","3,998","11,105","$8,895",303,2.73%,$0.80,$29.36
2/15/14,Z Force,484,"3,082","2,081","9,537","$16,077",716,7.51%,$1.69,$22.45
2/15/14,Ranger Danger,997,"5,337","4,025","16,958","$14,429","1,255",7.40%,$0.85,$11.50
2/15/14,Queen Bee,203,"4,620","4,043","11,423","$4,956",220,1.93%,$0.43,$22.53
2/16/14,Z Force,439,"2,942","2,006","9,210","$13,143",586,6.36%,$1.43,$22.43
2/16/14,Ranger Danger,"1,257","5,408","4,115","17,221","$14,393","1,171",6.80%,$0.84,$12.29
2/16/14,Queen Bee,188,"4,584","3,901","11,412","$6,333",176,1.54%,$0.55,$35.99
2/17/14,Z Force,394,"2,865","1,702","8,708","$10,870",530,6.09%,$1.25,$20.51
2/17/14,Ranger Danger,"1,085","5,630","4,004","16,990","$13,570","1,094",6.44%,$0.80,$12.40
2/17/14,Queen Bee,175,"4,166","3,629","11,061","$32,035",381,3.45%,$2.90,$84.08
2/18/14,Z Force,647,"2,411","1,400","8,286","$9,283",456,5.50%,$1.12,$20.36
2/18/14,Ranger Danger,982,"5,218","3,649","15,976","$14,330","1,070",6.70%,$0.90,$13.39
2/18/14,Queen Bee,162,"4,219","3,577","11,049","$3,939",125,1.13%,$0.36,$31.51
2/19/14,Z Force,554,"2,475","1,365","8,012","$9,003",443,5.53%,$1.12,$20.32
2/19/14,Ranger Danger,"1,173","5,081","3,627","16,081","$10,535",972,6.04%,$0.66,$10.84
2/19/14,Queen Bee,155,"4,143","3,582","11,055","$3,817",104,0.94%,$0.35,$36.70
2/20/14,Z Force,430,"2,474","1,389","7,784","$8,593",424,5.45%,$1.10,$20.27
2/20/14,Ranger Danger,786,"4,881","3,301","15,414","$11,469",974,6.32%,$0.74,$11.77
2/20/14,Queen Bee,170,"3,831","3,404","10,911","$3,813",122,1.12%,$0.35,$31.26
2/21/14,Z Force,455,"2,863","1,634","8,672","$9,627",463,5.34%,$1.11,$20.79
2/21/14,Ranger Danger,"1,379","5,208","3,593","16,620","$12,281","1,047",6.30%,$0.74,$11.73
2/21/14,Queen Bee,175,"4,112","3,647","11,054","$5,989",191,1.73%,$0.54,$31.36
2/22/14,Z Force,453,"2,913","1,972","9,027","$9,055",517,5.73%,$1.00,$17.51
2/22/14,Ranger Danger,784,"5,370","4,040","16,827","$13,382","1,120",6.66%,$0.80,$11.95
2/22/14,Queen Bee,188,"4,462","3,866","11,216","$5,825",186,1.66%,$0.52,$31.32
2/23/14,Z Force,434,"2,597","1,769","8,506","$7,898",479,5.63%,$0.93,$16.49
2/23/14,Ranger Danger,"1,045","4,804","3,634","16,733","$11,624","1,090",6.51%,$0.69,$10.66
2/23/14,Queen Bee,150,"4,432","3,765","11,224","$5,018",157,1.40%,$0.45,$31.96
2/24/14,Z Force,344,"2,394","1,341","7,476","$9,225",420,5.62%,$1.23,$21.96
2/24/14,Ranger Danger,"1,344","4,248","2,901","15,324","$11,515",948,6.19%,$0.75,$12.15
2/24/14,Queen Bee,141,"4,011","3,442","10,811","$3,764",99,0.92%,$0.35,$38.02
2/25/14,Z Force,299,"2,372","1,307","7,200","$6,515",347,4.82%,$0.90,$18.78
2/25/14,Ranger Danger,"1,112","5,197","3,446","15,188","$9,022",860,5.66%,$0.59,$10.49
2/25/14,Queen Bee,160,"3,922","3,359","10,735","$3,286",81,0.76%,$0.31,$40.56
2/26/14,Z Force,293,"2,356","1,321","7,187","$8,107",374,5.20%,$1.13,$21.68
2/26/14,Ranger Danger,909,"3,560","2,184","17,351","$13,566",830,4.78%,$0.78,$16.34
2/26/14,Queen Bee,135,"3,795","3,254","10,749","$2,687",97,0.90%,$0.25,$27.70
2/27/14,Z Force,292,"2,356","1,316","7,485","$9,166",405,5.41%,$1.22,$22.63
2/27/14,Ranger Danger,"1,126","5,407","3,261","19,366","$13,829",957,4.94%,$0.71,$14.45
2/27/14,Queen Bee,146,"3,900","3,209","10,836","$4,042",108,1.00%,$0.37,$37.43
2/28/14,Z Force,305,"2,664","1,558","7,908","$10,273",442,5.59%,$1.30,$23.24
2/28/14,Ranger Danger,"1,438","5,668","4,089","21,359","$14,065","1,054",4.94%,$0.66,$13.34
2/28/14,Queen Bee,178,"4,551","3,918","11,545","$4,996",146,1.27%,$0.43,$34.22
3/1/14,Z Force,462,"2,784","1,851","8,698","$9,156",446,5.13%,$1.05,$20.53
3/1/14,Ranger Danger,"1,235","6,013","4,502","23,199","$14,616","1,124",4.85%,$0.63,$13.00
3/1/14,Queen Bee,205,"6,609","5,772","12,435","$34,570",706,5.68%,$2.78,$48.97
3/2/14,Z Force,438,"2,624","1,735","8,437","$9,197",476,5.64%,$1.09,$19.32
3/2/14,Ranger Danger,"1,185","5,843","4,312","22,930","$13,347","1,051",4.58%,$0.58,$12.70
3/2/14,Queen Bee,154,"4,971","4,227","11,767","$3,058",87,0.74%,$0.26,$35.15
3/3/14,Z Force,412,"2,360","1,348","7,496","$8,000",403,5.38%,$1.07,$19.85
3/3/14,Ranger Danger,"1,515","5,832","4,074","22,420","$11,660",949,4.23%,$0.52,$12.29
3/3/14,Queen Bee,158,"4,456","3,779","11,220","$3,235",97,0.87%,$0.29,$33.35
3/4/14,Z Force,329,"2,327","1,298","7,228","$7,791",371,5.13%,$1.08,$21.00
3/4/14,Ranger Danger,"1,129","5,560","3,819","22,000","$13,054",974,4.43%,$0.59,$13.40
3/4/14,Queen Bee,146,"4,484","3,786","11,130","$1,869",75,0.67%,$0.17,$24.92
3/5/14,Z Force,279,"2,274","1,239","7,243","$7,264",356,4.92%,$1.00,$20.40
3/5/14,Ranger Danger,"1,213","5,399","3,859","21,647","$10,511",872,4.03%,$0.49,$12.05
3/5/14,Queen Bee,128,"4,253","3,709","11,022","$2,463",78,0.71%,$0.22,$31.57
3/6/14,Z Force,272,"2,247","1,274","7,059","$7,063",377,5.34%,$1.00,$18.73
3/6/14,Ranger Danger,"1,177","5,529","3,790","21,953","$11,361",919,4.19%,$0.52,$12.36
3/6/14,Queen Bee,142,"4,228","3,721","10,973","$2,743",78,0.71%,$0.25,$35.16
3/7/14,Z Force,355,"2,666","1,455","7,748","$8,352",406,5.24%,$1.08,$20.57
3/7/14,Ranger Danger,"1,591","5,790","4,311","23,183","$11,848",968,4.18%,$0.51,$12.24
3/7/14,Queen Bee,136,"4,118","3,680","10,771","$3,214",83,0.77%,$0.30,$38.72
3/8/14,Z Force,419,"2,669","1,844","8,589","$8,446",421,4.90%,$0.98,$20.06
3/8/14,Ranger Danger,"1,551","6,569","5,025","23,978","$13,024","1,058",4.41%,$0.54,$12.31
3/8/14,Queen Bee,174,"4,614","4,057","11,140","$3,064",88,0.79%,$0.28,$34.81
3/9/14,Z Force,367,"2,566","1,683","7,959","$6,937",431,5.42%,$0.87,$16.10
3/9/14,Ranger Danger,860,"6,577","4,746","23,229","$10,710",979,4.22%,$0.46,$10.94
3/9/14,Queen Bee,151,"4,398","3,464","10,960","$2,275",74,0.68%,$0.21,$30.74
3/10/14,Z Force,280,"2,339","1,281","6,752","$6,875",337,4.99%,$1.02,$20.40
3/10/14,Ranger Danger,"1,205","5,710","4,007","22,945","$11,617","1,007",4.39%,$0.51,$11.54
3/10/14,Queen Bee,179,"4,283","3,639","10,858","$2,813",93,0.86%,$0.26,$30.25
3/11/14,Z Force,318,"2,179","1,248","6,892","$6,145",348,5.05%,$0.89,$17.66
3/11/14,Ranger Danger,520,"5,869","4,174","22,105","$10,418",953,4.31%,$0.47,$10.93
3/11/14,Queen Bee,170,"4,205","3,509","10,824","$2,786",83,0.77%,$0.26,$33.56
3/12/14,Z Force,307,"2,166","1,306","6,965","$6,470",335,4.81%,$0.93,$19.31
3/12/14,Ranger Danger,947,"5,667","3,994","22,291","$10,864",999,4.48%,$0.49,$10.87
3/12/14,Queen Bee,103,"3,785","3,023","10,644","$1,409",54,0.51%,$0.13,$26.09
3/13/14,Z Force,296,"2,276","1,224","6,962","$6,245",332,4.77%,$0.90,$18.81
3/13/14,Ranger Danger,939,"6,275","3,682","21,950","$12,863","1,008",4.59%,$0.59,$12.76
3/13/14,Queen Bee,164,"3,553","2,976","11,243","$8,029",164,1.46%,$0.71,$48.96
3/14/14,Z Force,399,"2,660","1,543","8,111","$7,824",426,5.25%,$0.96,$18.37
3/14/14,Ranger Danger,"1,338","6,638","4,889","23,612","$14,559","1,091",4.62%,$0.62,$13.34
3/14/14,Queen Bee,224,"4,233","3,748","12,048","$9,480",194,1.61%,$0.79,$48.86
3/15/14,Z Force,385,"2,679","1,764","8,390","$7,093",434,5.17%,$0.85,$16.34
3/15/14,Ranger Danger,"1,363","7,096","5,367","24,626","$16,159","1,229",4.99%,$0.66,$13.15
3/15/14,Queen Bee,190,"4,697","4,030","12,135","$6,142",163,1.34%,$0.51,$37.68
3/16/14,Z Force,405,"2,531","1,646","8,080","$7,840",415,5.14%,$0.97,$18.89
3/16/14,Ranger Danger,"1,184","6,909","5,175","24,508","$14,096","1,154",4.71%,$0.58,$12.22
3/16/14,Queen Bee,160,"4,711","4,003","12,339","$5,797",128,1.04%,$0.47,$45.29
3/17/14,Z Force,368,"2,338","1,384","7,285","$14,940",539,7.40%,$2.05,$27.72
3/17/14,Ranger Danger,"1,057","6,323","4,433","22,813","$12,477","1,048",4.59%,$0.55,$11.91
3/17/14,Queen Bee,180,"4,161","3,630","12,131","$4,050",107,0.88%,$0.33,$37.85
3/18/14,Z Force,295,"2,229","1,269","7,144","$7,271",379,5.31%,$1.02,$19.19
3/18/14,Ranger Danger,"1,237","5,188","3,704","22,031","$11,610",987,4.48%,$0.53,$11.76
3/18/14,Queen Bee,128,"4,053","3,554","11,930","$4,162",110,0.92%,$0.35,$37.83
3/19/14,Z Force,277,"2,688","1,484","8,268","$31,532",932,11.27%,$3.81,$33.83
3/19/14,Ranger Danger,390,"3,607","2,138","15,342","$12,325",950,6.19%,$0.80,$12.97
3/19/14,Queen Bee,140,"4,199","3,625","12,131","$3,253",98,0.81%,$0.27,$33.20
3/20/14,Z Force,311,"2,648","1,603","7,833","$17,021",601,7.67%,$2.17,$28.32
3/20/14,Ranger Danger,"1,350","4,558","2,787","15,175","$13,601","1,072",7.06%,$0.90,$12.69
3/20/14,Queen Bee,183,"4,205","3,714","12,235","$10,230",265,2.17%,$0.84,$38.61
3/21/14,Z Force,355,"2,869","1,743","8,216","$14,801",579,7.05%,$1.80,$25.56
3/21/14,Ranger Danger,"1,350","5,342","3,904","17,342","$14,409","1,100",6.34%,$0.83,$13.10
3/21/14,Queen Bee,185,"4,322","3,742","12,196","$7,552",202,1.66%,$0.62,$37.38
3/22/14,Z Force,434,"2,827","1,902","8,500","$12,939",560,6.59%,$1.52,$23.11
3/22/14,Ranger Danger,916,"6,099","4,705","18,120","$14,116","1,181",6.52%,$0.78,$11.95
3/22/14,Queen Bee,213,"4,734","4,058","12,312","$5,838",157,1.28%,$0.47,$37.18
3/23/14,Z Force,405,"2,599","1,806","8,044","$10,243",465,5.78%,$1.27,$22.03
3/23/14,Ranger Danger,"1,363","5,884","4,403","18,555","$13,485","1,164",6.27%,$0.73,$11.58
3/23/14,Queen Bee,173,"4,777","3,968","12,372","$5,031",138,1.12%,$0.41,$36.45
3/24/14,Z Force,329,"2,229","1,319","6,949","$8,941",437,6.29%,$1.29,$20.46
3/24/14,Ranger Danger,"1,197","5,427","3,593","16,911","$10,518",864,5.11%,$0.62,$12.17
3/24/14,Queen Bee,183,"4,161","3,640","12,152","$4,049",126,1.04%,$0.33,$32.13
3/25/14,Z Force,308,"2,150","1,259","6,814","$10,196",383,5.62%,$1.50,$26.62
3/25/14,Ranger Danger,"1,206","5,287","3,758","16,118","$9,849",884,5.49%,$0.61,$11.14
3/25/14,Queen Bee,167,"4,208","3,635","12,106","$4,284",119,0.98%,$0.35,$36.00
3/26/14,Z Force,366,"2,094","1,161","6,785","$7,493",351,5.17%,$1.10,$21.35
3/26/14,Ranger Danger,"1,057","4,040","2,443","14,270","$9,136",793,5.56%,$0.64,$11.52
3/26/14,Queen Bee,147,"4,140","3,614","12,231","$3,586",109,0.89%,$0.29,$32.90
3/27/14,Z Force,372,"2,019","1,222","6,752","$8,133",362,5.36%,$1.20,$22.47
3/27/14,Ranger Danger,980,"4,855","3,437","15,586","$9,829",828,5.31%,$0.63,$11.87
3/27/14,Queen Bee,181,"4,241","3,651","12,208","$12,985",204,1.67%,$1.06,$63.65
3/28/14,Z Force,426,"2,344","1,340","7,374","$7,995",365,4.95%,$1.08,$21.90
3/28/14,Ranger Danger,"1,204","5,004","3,510","16,005","$10,597",910,5.69%,$0.66,$11.65
3/28/14,Queen Bee,218,"4,206","3,704","12,187","$10,911",224,1.84%,$0.90,$48.71
3/29/14,Z Force,492,"2,386","1,577","7,727","$10,856",422,5.46%,$1.40,$25.73
3/29/14,Ranger Danger,830,"5,066","3,897","16,247","$11,565",953,5.87%,$0.71,$12.13
3/29/14,Queen Bee,216,"4,636","3,967","12,293","$9,776",181,1.47%,$0.80,$54.01
3/30/14,Z Force,427,"2,115","1,461","7,368","$8,634",371,5.04%,$1.17,$23.27
3/30/14,Ranger Danger,"1,278","4,946","3,835","16,459","$9,405",904,5.49%,$0.57,$10.40
3/30/14,Queen Bee,204,"4,623","3,887","12,349","$7,104",150,1.22%,$0.58,$47.36
3/31/14,Z Force,367,"2,101","1,260","6,368","$7,984",338,5.31%,$1.25,$23.62
3/31/14,Ranger Danger,"1,517","4,547","3,354","16,523","$9,414",842,5.10%,$0.57,$11.18
3/31/14,Queen Bee,206,"4,320","3,621","12,075","$5,365",134,1.11%,$0.44,$40.04
4/1/14,Z Force,328,"1,888","1,182","6,014","$7,549",308,5.12%,$1.26,$24.51
4/1/14,Ranger Danger,998,"4,599","3,129","15,457","$10,333",860,5.56%,$0.67,$12.02
4/1/14,Queen Bee,168,"4,152","3,561","11,958","$5,971",146,1.22%,$0.50,$40.90
4/2/14,Z Force,314,"1,819","1,047","6,232","$6,495",304,4.88%,$1.04,$21.37
4/2/14,Ranger Danger,"1,050","5,854","4,013","15,459","$10,287",851,5.51%,$0.67,$12.09
4/2/14,Queen Bee,162,"4,036","3,444","11,628","$4,578",112,0.96%,$0.39,$40.87
4/3/14,Z Force,328,"1,882","1,182","6,143","$5,901",276,4.49%,$0.96,$21.38
4/3/14,Ranger Danger,952,"5,670","3,963","15,172","$10,764",857,5.65%,$0.71,$12.56
4/3/14,Queen Bee,142,"3,779","3,164","11,863","$4,400",117,0.99%,$0.37,$37.61
4/4/14,Z Force,613,"2,152","1,329","6,825","$6,725",307,4.50%,$0.99,$21.90
4/4/14,Ranger Danger,"1,078","5,424","3,906","15,518","$10,440",898,5.79%,$0.67,$11.63
4/4/14,Queen Bee,198,"4,653","4,028","12,589","$5,741",143,1.14%,$0.46,$40.15
4/5/14,Z Force,448,"2,272","1,491","7,109","$6,822",325,4.57%,$0.96,$20.99
4/5/14,Ranger Danger,"1,035","5,376","4,114","16,841","$11,174","1,058",6.28%,$0.66,$10.56
4/5/14,Queen Bee,195,"6,841","5,952","13,333","$31,568",408,3.06%,$2.37,$77.37
4/6/14,Z Force,405,"2,152","1,458","6,986","$7,947",337,4.82%,$1.14,$23.58
4/6/14,Ranger Danger,"1,100","5,890","4,183","15,817","$11,395","1,000",6.32%,$0.72,$11.40
4/6/14,Queen Bee,159,"5,060","4,339","12,811","$3,806",109,0.85%,$0.30,$34.91
4/7/14,Z Force,515,"1,901","1,083","6,169","$6,128",295,4.78%,$0.99,$20.77
4/7/14,Ranger Danger,"1,169","5,100","3,594","14,743","$9,370",846,5.74%,$0.64,$11.08
4/7/14,Queen Bee,168,"4,416","3,753","12,039","$4,114",99,0.82%,$0.34,$41.55
4/8/14,Z Force,554,"1,943","1,164","6,127","$5,092",279,4.55%,$0.83,$18.25
4/8/14,Ranger Danger,953,"5,167","3,525","13,535","$8,909",796,5.88%,$0.66,$11.19
4/8/14,Queen Bee,149,"4,264","3,635","11,862","$3,885",102,0.86%,$0.33,$38.09
4/9/14,Z Force,528,"1,834","1,124","6,026","$5,204",271,4.50%,$0.86,$19.20
4/9/14,Ranger Danger,884,"5,036","3,006","13,173","$8,634",766,5.82%,$0.66,$11.27
4/9/14,Queen Bee,153,"4,089","3,455","11,613","$3,198",83,0.72%,$0.28,$38.53
4/10/14,Z Force,556,"1,846","1,069","6,132","$5,763",263,4.29%,$0.94,$21.91
4/10/14,Ranger Danger,"1,800","4,657","2,911","14,801","$8,921",759,5.13%,$0.60,$11.75
4/10/14,Queen Bee,110,"3,341","2,796","10,837","$7,065",167,1.54%,$0.65,$42.30
4/11/14,Z Force,580,"2,159","1,248","6,904","$5,799",326,4.72%,$0.84,$17.79
4/11/14,Ranger Danger,"1,893","5,527","3,856","15,970","$10,644",838,5.25%,$0.67,$12.70
4/11/14,Queen Bee,175,"3,959","3,450","11,428","$6,110",143,1.25%,$0.53,$42.72
4/12/14,Z Force,470,"2,227","1,468","7,284","$6,741",341,4.68%,$0.93,$19.77
4/12/14,Ranger Danger,"1,472","5,856","4,337","16,185","$11,405",968,5.98%,$0.70,$11.78
4/12/14,Queen Bee,184,"4,523","3,851","11,560","$6,661",144,1.25%,$0.58,$46.26
4/13/14,Z Force,436,"2,181","1,459","7,058","$7,229",343,4.86%,$1.02,$21.08
4/13/14,Ranger Danger,"1,173","5,959","4,612","16,426","$9,667",902,5.49%,$0.59,$10.72
4/13/14,Queen Bee,175,"4,463","3,747","11,551","$4,879",115,1.00%,$0.42,$42.42
4/14/14,Z Force,584,"2,034","1,229","6,567","$5,986",314,4.78%,$0.91,$19.06
4/14/14,Ranger Danger,"1,450","5,757","3,922","16,058","$8,972",751,4.68%,$0.56,$11.95
4/14/14,Queen Bee,144,"3,971","3,410","11,104","$3,798",103,0.93%,$0.34,$36.87
4/15/14,Z Force,608,"1,956","1,197","6,559","$5,887",289,4.41%,$0.90,$20.37
4/15/14,Ranger Danger,"1,129","5,344","3,770","14,657","$9,320",799,5.45%,$0.64,$11.67
4/15/14,Queen Bee,170,"3,934","3,342","11,127","$4,557",110,0.99%,$0.41,$41.43
4/16/14,Z Force,568,"1,996","1,101","6,476","$4,872",255,3.94%,$0.75,$19.10
4/16/14,Ranger Danger,795,"4,755","2,570","13,704","$24,203","1,218",8.89%,$1.77,$19.87
4/16/14,Queen Bee,188,"3,938","3,405","11,352","$2,658",86,0.76%,$0.23,$30.90
4/17/14,Z Force,757,"2,056","1,183","6,829","$5,789",291,4.26%,$0.85,$19.89
4/17/14,Ranger Danger,"1,122","6,077","4,006","15,121","$19,684","1,223",8.09%,$1.30,$16.09
4/17/14,Queen Bee,121,"3,819","3,288","10,009","$1,740",60,0.60%,$0.17,$29.00
4/18/14,Z Force,465,"2,252","1,487","7,229","$5,853",327,4.52%,$0.81,$17.90
4/18/14,Ranger Danger,"1,769","7,146","4,655","16,385","$17,243","1,241",7.57%,$1.05,$13.89
4/18/14,Queen Bee,776,"4,521","3,758","12,998","$12,092",228,1.75%,$0.93,$53.04
4/19/14,Z Force,503,"2,324","1,581","7,354","$8,971",381,5.18%,$1.22,$23.55
4/19/14,Ranger Danger,"1,234","7,948","5,144","16,912","$15,211","1,190",7.04%,$0.90,$12.78
4/19/14,Queen Bee,371,"6,268","4,578","13,720","$7,903",178,1.30%,$0.58,$44.40
4/20/14,Z Force,455,"2,265","1,544","7,306","$8,010",407,5.57%,$1.10,$19.68
4/20/14,Ranger Danger,936,"8,068","5,242","17,123","$14,457","1,165",6.80%,$0.84,$12.41
4/20/14,Queen Bee,267,"4,843","4,116","12,752","$5,428",152,1.19%,$0.43,$35.71
4/21/14,Z Force,673,"2,065","1,266","6,821","$6,329",312,4.57%,$0.93,$20.29
4/21/14,Ranger Danger,"1,039","7,327","4,417","16,521","$13,547","1,110",6.72%,$0.82,$12.20
4/21/14,Queen Bee,247,"4,441","3,701","12,332","$5,300",122,0.99%,$0.43,$43.44
4/22/14,Z Force,635,"1,983","1,196","6,659","$5,126",284,4.27%,$0.77,$18.05
4/22/14,Ranger Danger,"1,158","6,912","3,988","15,638","$11,970",974,6.23%,$0.77,$12.29
4/22/14,Queen Bee,187,"4,041","3,323","11,861","$5,447",117,0.99%,$0.46,$46.56
4/23/14,Z Force,628,"2,126","1,192","6,989","$22,325",707,10.12%,$3.19,$31.58
4/23/14,Ranger Danger,"1,474","7,105","4,023","15,530","$12,064",959,6.18%,$0.78,$12.58
4/23/14,Queen Bee,154,"4,035","3,398","11,637","$4,426",124,1.07%,$0.38,$35.70
4/24/14,Z Force,628,"2,017","1,242","7,215","$13,993",520,7.21%,$1.94,$26.91
4/24/14,Ranger Danger,"1,441","6,416","3,774","15,323","$11,788",917,5.98%,$0.77,$12.85
4/24/14,Queen Bee,157,"3,490","2,600","11,381","$14,257",253,2.22%,$1.25,$56.35
4/25/14,Z Force,608,"2,433","1,413","7,471","$12,085",465,6.22%,$1.62,$25.99
4/25/14,Ranger Danger,"1,165","6,817","3,623","15,088","$12,800",994,6.59%,$0.85,$12.88
4/25/14,Queen Bee,164,"3,846","3,235","11,659","$23,596",393,3.37%,$2.02,$60.04
4/26/14,Z Force,517,"2,379","1,593","7,773","$10,046",430,5.53%,$1.29,$23.36
4/26/14,Ranger Danger,"1,218","6,814","3,802","15,779","$13,168","1,105",7.00%,$0.83,$11.92
4/26/14,Queen Bee,293,"5,500","3,993","12,761","$15,206",297,2.33%,$1.19,$51.20
4/27/14,Z Force,732,"2,250","1,549","7,830","$8,346",392,5.01%,$1.07,$21.29
4/27/14,Ranger Danger,945,"6,948","3,867","15,469","$11,969","1,099",7.11%,$0.77,$10.89
4/27/14,Queen Bee,190,"4,561","3,816","12,019","$14,247",256,2.13%,$1.19,$55.65
4/28/14,Z Force,699,"2,177","1,241","6,869","$8,091",329,4.79%,$1.18,$24.59
4/28/14,Ranger Danger,641,"6,226","3,140","13,999","$11,949",896,6.40%,$0.85,$13.34
4/28/14,Queen Bee,205,"3,897","3,311","11,465","$12,791",241,2.10%,$1.12,$53.07
4/29/14,Z Force,623,"2,069","1,207","6,898","$6,758",316,4.58%,$0.98,$21.38
4/29/14,Ranger Danger,835,"6,193","3,107","13,741","$10,676",859,6.25%,$0.78,$12.43
4/29/14,Queen Bee,162,"3,891","3,287","11,392","$14,542",256,2.25%,$1.28,$56.80
4/30/14,Z Force,322,"1,822","1,006","5,985","$7,620",313,5.23%,$1.27,$24.34
4/30/14,Ranger Danger,752,"5,856","2,876","13,540","$9,787",848,6.26%,$0.72,$11.54
4/30/14,Queen Bee,165,"3,816","3,338","11,467","$15,787",265,2.31%,$1.38,$59.58
5/1/14,Z Force,594,"2,117","1,246","6,467","$8,673",330,5.10%,$1.34,$26.28
5/1/14,Ranger Danger,848,"6,014","2,792","13,610","$9,938",823,6.05%,$0.73,$12.08
5/1/14,Queen Bee,173,"3,661","3,048","11,275","$14,645",272,2.41%,$1.30,$53.84
5/2/14,Z Force,601,"2,240","1,373","7,009","$6,733",318,4.54%,$0.96,$21.17
5/2/14,Ranger Danger,"1,321","6,289","3,093","14,461","$10,925",923,6.38%,$0.76,$11.84
5/2/14,Queen Bee,163,"4,814","3,497","12,131","$20,418",413,3.41%,$1.68,$49.44
5/3/14,Z Force,530,"2,176","1,539","7,481","$9,216",413,5.52%,$1.23,$22.32
5/3/14,Ranger Danger,"1,354","6,900","3,720","16,147","$17,070","1,280",7.93%,$1.06,$13.34
5/3/14,Queen Bee,215,"7,053","6,130","13,705","$29,912",680,4.96%,$2.18,$43.99
5/4/14,Z Force,731,"2,178","1,514","7,616","$8,237",365,4.79%,$1.08,$22.57
5/4/14,Ranger Danger,641,"6,951","3,771","15,917","$14,151","1,122",7.05%,$0.89,$12.61
5/4/14,Queen Bee,177,"5,091","4,006","12,474","$2,499",108,0.87%,$0.20,$23.14
5/5/14,Z Force,575,"2,116","1,282","6,563","$6,431",310,4.72%,$0.98,$20.74
5/5/14,Ranger Danger,621,"6,115","2,991","15,247","$10,128",868,5.69%,$0.66,$11.67
5/5/14,Queen Bee,173,"4,001","3,365","11,427","$2,418",111,0.97%,$0.21,$21.78
5/6/14,Z Force,596,"2,111","1,271","6,446","$5,396",280,4.34%,$0.84,$19.27
5/6/14,Ranger Danger,745,"5,842","2,855","13,647","$7,994",752,5.51%,$0.59,$10.63
5/6/14,Queen Bee,160,"3,803","3,193","11,352","$2,400",102,0.90%,$0.21,$23.52
5/7/14,Z Force,561,"2,138","1,175","6,437","$6,518",296,4.60%,$1.01,$22.02
5/7/14,Ranger Danger,680,"5,830","2,764","13,243","$10,421",844,6.37%,$0.79,$12.35
5/7/14,Queen Bee,162,"3,834","3,234","11,280","$2,561",93,0.82%,$0.23,$27.54
5/8/14,Z Force,635,"2,073","1,261","6,529","$6,193",290,4.44%,$0.95,$21.36
5/8/14,Ranger Danger,485,"5,645","2,605","13,272","$8,948",799,6.02%,$0.67,$11.20
5/8/14,Queen Bee,172,"3,767","3,249","11,140","$4,201",162,1.45%,$0.38,$25.93
5/9/14,Z Force,648,"2,389","1,428","6,949","$7,411",333,4.79%,$1.07,$22.26
5/9/14,Ranger Danger,"1,338","6,059","2,760","14,776","$10,434",887,6.00%,$0.71,$11.76
5/9/14,Queen Bee,178,"3,844","3,387","11,234","$16,539",683,6.08%,$1.47,$24.21
5/10/14,Z Force,486,"2,345","1,665","7,303","$6,695",366,5.01%,$0.92,$18.29
5/10/14,Ranger Danger,"1,856","7,017","3,680","16,874","$16,820","1,317",7.81%,$1.00,$12.77
5/10/14,Queen Bee,198,"5,137","3,938","12,126","$12,021",462,3.81%,$0.99,$26.02
5/11/14,Z Force,738,"2,157","1,502","7,232","$7,789",356,4.92%,$1.08,$21.88
5/11/14,Ranger Danger,858,"6,742","3,628","16,306","$12,385","1,055",6.47%,$0.76,$11.74
5/11/14,Queen Bee,209,"4,389","3,668","11,553","$8,385",345,2.99%,$0.73,$24.30
5/12/14,Z Force,586,"2,107","1,293","6,451","$7,177",318,4.93%,$1.11,$22.57
5/12/14,Ranger Danger,849,"5,890","2,912","14,503","$7,774",773,5.33%,$0.54,$10.06
5/12/14,Queen Bee,165,"3,883","3,297","11,199","$1,722",68,0.61%,$0.15,$25.33
5/13/14,Z Force,900,"2,009","1,210","6,733","$4,787",247,3.67%,$0.71,$19.38
5/13/14,Ranger Danger,798,"5,610","2,665","13,135","$8,933",801,6.10%,$0.68,$11.15
5/13/14,Queen Bee,161,"3,421","2,962","10,952","$1,658",76,0.69%,$0.15,$21.81
5/14/14,Z Force,"1,175","1,920","1,184","6,725","$5,649",244,3.63%,$0.84,$23.15
5/14/14,Ranger Danger,796,"5,360","2,501","12,760","$7,568",751,5.89%,$0.59,$10.08
5/14/14,Queen Bee,152,"3,407","2,820","10,919","$2,160",75,0.69%,$0.20,$28.80
5/15/14,Z Force,867,"1,959","1,182","6,221","$5,076",238,3.83%,$0.82,$21.33
5/15/14,Ranger Danger,866,"5,402","2,275","12,411","$6,322",651,5.25%,$0.51,$9.71
5/15/14,Queen Bee,226,"5,045","3,637","12,978","$12,205",221,1.70%,$0.94,$55.23
5/16/14,Z Force,707,"2,061","1,248","6,968","$7,376",316,4.54%,$1.06,$23.34
5/16/14,Ranger Danger,996,"5,404","2,554","13,605","$10,370",838,6.16%,$0.76,$12.38
5/16/14,Queen Bee,252,"5,591","4,967","14,753","$8,287",197,1.34%,$0.56,$42.07
5/17/14,Z Force,936,"2,237","1,452","7,398","$6,849",328,4.43%,$0.93,$20.88
5/17/14,Ranger Danger,"1,600","6,273","3,261","15,628","$10,833",897,5.74%,$0.69,$12.08
5/17/14,Queen Bee,286,"6,683","5,310","15,355","$4,468",154,1.00%,$0.29,$29.01
5/18/14,Z Force,431,"1,945","1,262","6,587","$6,931",352,5.34%,$1.05,$19.69
5/18/14,Ranger Danger,902,"6,312","3,301","14,738","$10,422",946,6.42%,$0.71,$11.02
5/18/14,Queen Bee,213,"6,086","5,241","14,999","$3,376",112,0.75%,$0.23,$30.14
5/19/14,Z Force,363,"1,844","1,071","6,026","$6,155",302,5.01%,$1.02,$20.38
5/19/14,Ranger Danger,757,"5,526","2,633","13,407","$8,971",806,6.01%,$0.67,$11.13
5/19/14,Queen Bee,209,"5,518","4,785","14,567","$3,495",104,0.71%,$0.24,$33.60
5/20/14,Z Force,319,"1,894","1,036","5,907","$5,147",288,4.88%,$0.87,$17.87
5/20/14,Ranger Danger,"1,121","5,377","2,534","13,439","$8,708",766,5.70%,$0.65,$11.37
5/20/14,Queen Bee,190,"5,445","4,682","14,530","$3,921",103,0.71%,$0.27,$38.07
5/21/14,Z Force,332,"1,992","1,038","6,136","$12,250",508,8.28%,$2.00,$24.11
5/21/14,Ranger Danger,"1,187","3,983","2,236","12,677","$7,190",648,5.11%,$0.57,$11.10
5/21/14,Queen Bee,206,"5,322","4,666","14,363","$2,707",90,0.63%,$0.19,$30.08
5/22/14,Z Force,348,"1,935","1,087","6,394","$7,356",436,6.82%,$1.15,$16.87
5/22/14,Ranger Danger,133,"3,598","1,772","12,772","$12,648","1,110",8.69%,$0.99,$11.39
5/22/14,Queen Bee,176,"4,647","3,631","13,751","$31,558",397,2.89%,$2.29,$79.49
5/23/14,Z Force,357,"2,194","1,219","6,830","$20,424",684,10.02%,$2.99,$29.86
5/23/14,Ranger Danger,656,"3,786","1,936","13,757","$11,189",989,7.19%,$0.81,$11.31
5/23/14,Queen Bee,192,"5,263","4,747","14,203","$23,062",319,2.25%,$1.62,$72.29
5/24/14,Z Force,"1,487","2,427","1,582","8,309","$14,183",635,7.64%,$1.71,$22.34
5/24/14,Ranger Danger,"1,004","6,182","2,933","16,010","$13,004","1,115",6.96%,$0.81,$11.66
5/24/14,Queen Bee,202,"5,718","4,896","14,166","$14,483",229,1.62%,$1.02,$63.24
5/25/14,Z Force,"1,314","2,238","1,549","8,299","$12,744",575,6.93%,$1.54,$22.16
5/25/14,Ranger Danger,989,"6,989","3,185","15,977","$11,533","1,020",6.38%,$0.72,$11.31
5/25/14,Queen Bee,200,"5,711","4,853","14,130","$10,581",203,1.44%,$0.75,$52.12
5/26/14,Z Force,"1,134","2,141","1,497","7,977","$11,109",561,7.03%,$1.39,$19.80
5/26/14,Ranger Danger,905,"4,520","2,857","15,271","$9,902",989,6.48%,$0.65,$10.01
5/26/14,Queen Bee,148,"5,424","4,639","13,713","$11,658",190,1.39%,$0.85,$61.36
5/27/14,Z Force,877,"2,060","1,193","6,989","$4,999",377,5.39%,$0.72,$13.26
5/27/14,Ranger Danger,849,"4,039","2,366","13,971","$8,944",805,5.76%,$0.64,$11.11
5/27/14,Queen Bee,139,"4,961","4,367","13,564","$10,921",149,1.10%,$0.81,$73.29
5/28/14,Z Force,903,"2,198","1,182","6,954","$4,890",363,5.22%,$0.70,$13.47
5/28/14,Ranger Danger,"1,076","3,798","2,163","14,280","$7,715",753,5.27%,$0.54,$10.25
5/28/14,Queen Bee,166,"4,955","4,369","13,555","$12,074",189,1.39%,$0.89,$63.89
5/29/14,Z Force,960,"1,914","1,237","7,045","$4,282",331,4.70%,$0.61,$12.94
5/29/14,Ranger Danger,"1,345","3,878","2,268","14,100","$9,265",774,5.49%,$0.66,$11.97
5/29/14,Queen Bee,189,"4,676","3,949","12,878","$12,777",189,1.47%,$0.99,$67.61
5/30/14,Z Force,927,"2,391","1,451","7,536","$8,089",472,6.26%,$1.07,$17.14
5/30/14,Ranger Danger,"1,073","3,929","2,212","14,271","$9,832",813,5.70%,$0.69,$12.09
5/30/14,Queen Bee,199,"3,936","3,060","11,413","$7,492",219,1.92%,$0.66,$34.21
5/31/14,Z Force,797,"2,442","1,656","7,894","$8,228",541,6.85%,$1.04,$15.21
5/31/14,Ranger Danger,"1,057","7,739","3,321","16,455","$9,866",972,5.91%,$0.60,$10.15
5/31/14,Queen Bee,164,"4,281","3,627","11,365","$11,618",339,2.98%,$1.02,$34.27
6/1/14,Z Force,969,"2,408","1,721","7,848","$7,493",470,5.99%,$0.95,$15.94
6/1/14,Ranger Danger,939,"7,966","3,237","16,211","$10,462",973,6.00%,$0.65,$10.75
6/1/14,Queen Bee,174,"4,155","3,497","11,087","$7,738",265,2.39%,$0.70,$29.20
6/2/14,Z Force,533,"2,190","1,490","6,788","$4,986",324,4.77%,$0.73,$15.39
6/2/14,Ranger Danger,910,"3,729","2,256","14,331","$8,424",826,5.76%,$0.59,$10.20
6/2/14,Queen Bee,133,"3,644","3,107","10,607","$8,937",252,2.38%,$0.84,$35.46
6/3/14,Z Force,394,"2,086","1,337","6,618","$4,909",304,4.59%,$0.74,$16.15
6/3/14,Ranger Danger,984,"4,537","2,633","14,676","$7,556",845,5.76%,$0.51,$8.94
6/3/14,Queen Bee,162,"3,552","3,011","10,604","$2,398",85,0.80%,$0.23,$28.21
6/4/14,Z Force,387,"1,900","1,148","6,463","$4,255",327,5.06%,$0.66,$13.01
6/4/14,Ranger Danger,"1,040","4,437","2,748","15,332","$8,844",852,5.56%,$0.58,$10.38
6/4/14,Queen Bee,156,"3,510","3,004","10,622","$1,804",73,0.69%,$0.17,$24.72
6/5/14,Z Force,421,"1,861","1,089","6,599","$5,614",359,5.44%,$0.85,$15.64
6/5/14,Ranger Danger,"1,199","4,489","2,774","15,424","$8,892",835,5.41%,$0.58,$10.65
6/5/14,Queen Bee,122,"3,125","2,592","10,086","$12,504",230,2.28%,$1.24,$54.37
6/6/14,Z Force,415,"2,036","1,209","6,921","$8,098",451,6.52%,$1.17,$17.96
6/6/14,Ranger Danger,"1,172","4,470","2,852","15,766","$9,683",915,5.80%,$0.61,$10.58
6/6/14,Queen Bee,194,"4,705","3,249","11,291","$8,338",174,1.54%,$0.74,$47.92
6/7/14,Z Force,475,"2,062","1,331","7,179","$8,018",463,6.45%,$1.12,$17.32
6/7/14,Ranger Danger,886,"8,483","3,694","17,422","$11,026",979,5.62%,$0.63,$11.26
6/7/14,Queen Bee,170,"6,740","5,921","12,872","$27,442",385,2.99%,$2.13,$71.28
6/8/14,Z Force,496,"2,079","1,348","7,267","$6,765",459,6.32%,$0.93,$14.74
6/8/14,Ranger Danger,"1,190","8,763","3,720","18,028","$11,572","1,071",5.94%,$0.64,$10.81
6/8/14,Queen Bee,183,"4,660","3,655","11,514","$3,066",106,0.92%,$0.27,$28.93
6/9/14,Z Force,399,"1,917","1,153","6,708","$6,074",351,5.23%,$0.91,$17.31
6/9/14,Ranger Danger,"1,094","4,572","2,895","15,323","$9,579",935,6.10%,$0.63,$10.24
6/9/14,Queen Bee,169,"3,637","3,107","10,623","$5,111",129,1.21%,$0.48,$39.62
6/10/14,Z Force,408,"1,883","1,125","6,742","$5,011",325,4.82%,$0.74,$15.42
6/10/14,Ranger Danger,792,"4,518","2,836","14,595","$8,887",904,6.19%,$0.61,$9.83
6/10/14,Queen Bee,168,"3,410","2,955","10,445","$3,605",95,0.91%,$0.35,$37.95
6/11/14,Z Force,446,"2,002","1,149","6,830","$4,909",331,4.85%,$0.72,$14.83
6/11/14,Ranger Danger,"1,226","4,504","2,780","14,649","$8,253",840,5.73%,$0.56,$9.83
6/11/14,Queen Bee,145,"3,385","2,905","10,496","$3,604",107,1.02%,$0.34,$33.68
6/12/14,Z Force,436,"1,843","1,012","6,662","$3,988",282,4.23%,$0.60,$14.14
6/12/14,Ranger Danger,882,"4,238","2,332","13,705","$7,518",735,5.36%,$0.55,$10.23
6/12/14,Queen Bee,113,"2,904","2,499","9,733","$4,355",102,1.05%,$0.45,$42.69
6/13/14,Z Force,518,"2,147","1,181","7,424","$7,050",444,5.98%,$0.95,$15.88
6/13/14,Ranger Danger,965,"4,472","2,873","15,001","$10,873","1,080",7.20%,$0.72,$10.07
6/13/14,Queen Bee,180,"3,450","2,796","10,664","$4,963",165,1.55%,$0.47,$30.08
6/14/14,Z Force,627,"2,262","1,420","7,922","$7,140",516,6.51%,$0.90,$13.84
6/14/14,Ranger Danger,789,"8,716","4,007","17,879","$13,297","1,717",9.60%,$0.74,$7.74
6/14/14,Queen Bee,177,"4,573","3,825","11,476","$6,725",220,1.92%,$0.59,$30.57
6/15/14,Z Force,643,"2,178","1,434","7,721","$6,224",457,5.92%,$0.81,$13.62
6/15/14,Ranger Danger,"1,211","9,455","4,535","18,455","$12,402","1,585",8.59%,$0.67,$7.82
6/15/14,Queen Bee,181,"4,495","3,705","11,178","$3,921",148,1.32%,$0.35,$26.50
6/16/14,Z Force,515,"2,047","1,290","7,461","$5,460",379,5.08%,$0.73,$14.41
6/16/14,Ranger Danger,"1,010","5,332","3,616","15,811","$8,401","1,193",7.55%,$0.53,$7.04
6/16/14,Queen Bee,177,"3,858","3,201","10,660","$4,487",148,1.39%,$0.42,$30.32
6/17/14,Z Force,454,"2,093","1,263","7,169","$4,632",344,4.80%,$0.65,$13.47
6/17/14,Ranger Danger,"1,110","4,747","2,554","15,410","$8,128",925,6.00%,$0.53,$8.79
6/17/14,Queen Bee,226,"3,860","3,189","10,625","$3,538",139,1.31%,$0.33,$25.45
6/18/14,Z Force,494,"2,296","1,392","7,321","$17,324",628,8.58%,$2.37,$27.59
6/18/14,Ranger Danger,"1,068","4,949","2,978","16,254","$10,093",963,5.93%,$0.62,$10.48
6/18/14,Queen Bee,215,"3,729","3,140","10,625","$3,797",164,1.54%,$0.36,$23.15
6/19/14,Z Force,502,"2,273","1,480","7,768","$11,120",568,7.31%,$1.43,$19.58
6/19/14,Ranger Danger,"1,058","4,944","3,063","15,652","$9,831",900,5.75%,$0.63,$10.92
6/19/14,Queen Bee,175,"3,278","2,714","10,374","$11,195",282,2.72%,$1.08,$39.70
6/20/14,Z Force,503,"2,341","1,519","7,723","$11,183",629,8.15%,$1.45,$17.78
6/20/14,Ranger Danger,"1,116","4,985","3,120","16,504","$8,940",910,5.51%,$0.54,$9.82
6/20/14,Queen Bee,183,"3,925","3,400","10,701","$15,162",358,3.35%,$1.42,$42.35
6/21/14,Z Force,492,"2,323","1,532","7,746","$11,461",551,7.11%,$1.48,$20.80
6/21/14,Ranger Danger,"1,053","12,082","4,372","21,477","$13,345","1,263",5.88%,$0.62,$10.57
6/21/14,Queen Bee,160,"4,185","3,631","10,801","$20,672",542,5.02%,$1.91,$38.14
6/22/14,Z Force,481,"2,363","1,524","7,678","$8,934",572,7.45%,$1.16,$15.62
6/22/14,Ranger Danger,"1,032","11,689","4,224","20,796","$12,586","1,253",6.03%,$0.61,$10.05
6/22/14,Queen Bee,195,"4,276","3,561","10,842","$15,838",409,3.77%,$1.46,$38.72
6/23/14,Z Force,424,"2,235","1,427","7,429","$7,344",432,5.82%,$0.99,$17.00
6/23/14,Ranger Danger,"1,211","5,007","3,279","17,229","$10,296","1,049",6.09%,$0.60,$9.82
6/23/14,Queen Bee,257,"3,863","3,291","10,623","$18,191",493,4.64%,$1.71,$36.90
6/24/14,Z Force,434,"2,194","1,387","7,383","$6,851",393,5.32%,$0.93,$17.43
6/24/14,Ranger Danger,"1,132","4,811","2,823","16,732","$8,611",838,5.01%,$0.51,$10.28
6/24/14,Queen Bee,185,"3,888","3,312","10,717","$2,482",86,0.80%,$0.23,$28.86
6/25/14,Z Force,433,"2,117","1,294","7,335","$7,126",428,5.84%,$0.97,$16.65
6/25/14,Ranger Danger,"1,639","7,628","3,719","24,665","$87,866","3,511",14.24%,$3.56,$25.03
6/25/14,Queen Bee,195,"3,752","3,237","10,662","$2,322",73,0.69%,$0.22,$31.81
6/26/14,Z Force,441,"2,172","1,373","7,289","$8,392",455,6.24%,$1.15,$18.44
6/26/14,Ranger Danger,"2,094","7,743","5,295","26,241","$48,154","2,651",10.10%,$1.84,$18.16
6/26/14,Queen Bee,200,"3,481","2,778","10,570","$15,884",389,3.68%,$1.50,$40.83
6/27/14,Z Force,456,"2,330","1,444","7,373","$8,914",519,7.04%,$1.21,$17.18
6/27/14,Ranger Danger,"1,656","7,535","5,222","25,067","$37,780","2,342",9.34%,$1.51,$16.13
6/27/14,Queen Bee,221,"3,895","3,424","10,899","$14,641",346,3.18%,$1.34,$42.31
6/28/14,Z Force,441,"2,182","1,476","7,251","$9,418",558,7.70%,$1.30,$16.88
6/28/14,Ranger Danger,"1,282","7,501","5,310","24,571","$30,050","2,066",8.41%,$1.22,$14.55
6/28/14,Queen Bee,166,"4,191","3,581","10,944","$11,202",288,2.63%,$1.02,$38.90
6/29/14,Z Force,471,"2,149","1,412","7,322","$9,912",513,7.01%,$1.35,$19.32
6/29/14,Ranger Danger,"1,892","7,467","5,219","24,900","$27,117","2,003",8.04%,$1.09,$13.54
6/29/14,Queen Bee,156,"4,288","3,589","10,979","$9,877",221,2.01%,$0.90,$44.69
6/30/14,Z Force,511,"2,312","1,419","7,531","$7,229",440,5.84%,$0.96,$16.43
6/30/14,Ranger Danger,"1,582","7,005","4,823","23,952","$23,959","1,777",7.42%,$1.00,$13.48
6/30/14,Queen Bee,201,"3,923","3,322","10,967","$7,690",202,1.84%,$0.70,$38.07
7/1/14,Z Force,472,"2,120","1,380","7,280","$6,411",387,5.32%,$0.88,$16.57
7/1/14,Ranger Danger,"1,509","6,834","4,677","23,003","$25,422","1,755",7.63%,$1.11,$14.49
7/1/14,Queen Bee,168,"3,781","3,257","10,669","$7,822",219,2.05%,$0.73,$35.72
7/2/14,Z Force,450,"2,024","1,243","7,105","$6,107",372,5.24%,$0.86,$16.42
7/2/14,Ranger Danger,"1,671","6,843","4,511","22,873","$26,144","1,803",7.88%,$1.14,$14.50
7/2/14,Queen Bee,164,"3,736","3,220","10,771","$6,093",198,1.84%,$0.57,$30.77
7/3/14,Z Force,470,"2,022","1,334","7,146","$5,368",340,4.76%,$0.75,$15.79
7/3/14,Ranger Danger,"1,886","6,708","4,513","23,092","$27,504","1,850",8.01%,$1.19,$14.87
7/3/14,Queen Bee,172,"3,617","3,003","11,028","$6,743",216,1.96%,$0.61,$31.22
7/4/14,Z Force,446,"1,823","1,331","7,070","$5,790",356,5.04%,$0.82,$16.27
7/4/14,Ranger Danger,"1,873","6,137","4,546","22,744","$26,237","1,770",7.78%,$1.15,$14.82
7/4/14,Queen Bee,195,"5,109","4,319","13,032","$14,367",305,2.34%,$1.10,$47.11
7/5/14,Z Force,435,"2,037","1,360","7,026","$6,882",383,5.45%,$0.98,$17.97
7/5/14,Ranger Danger,"2,124","6,560","4,683","23,363","$25,163","1,806",7.73%,$1.08,$13.93
7/5/14,Queen Bee,182,"6,971","6,133","13,695","$17,126",365,2.67%,$1.25,$46.92
7/6/14,Z Force,429,"2,109","1,345","7,092","$5,562",359,5.06%,$0.78,$15.49
7/6/14,Ranger Danger,"2,689","7,091","4,843","24,508","$25,857","1,842",7.52%,$1.06,$14.04
7/6/14,Queen Bee,180,"5,311","4,595","13,511","$8,862",280,2.07%,$0.66,$31.65
7/7/14,Z Force,446,"1,955","1,056","6,860","$5,600",307,4.48%,$0.82,$18.24
7/7/14,Ranger Danger,"2,358","7,006","4,667","24,085","$22,921","1,702",7.07%,$0.95,$13.47
7/7/14,Queen Bee,246,"4,874","4,132","13,532","$8,967",251,1.86%,$0.66,$35.72
7/8/14,Z Force,509,"2,204","1,377","7,336","$5,169",312,4.25%,$0.70,$16.57
7/8/14,Ranger Danger,"2,124","6,796","4,507","23,568","$21,864","1,574",6.68%,$0.93,$13.89
7/8/14,Queen Bee,174,"4,814","4,044","13,515","$8,273",241,1.78%,$0.61,$34.33
7/9/14,Z Force,489,"2,059","1,291","7,264","$5,158",350,4.82%,$0.71,$14.74
7/9/14,Ranger Danger,"2,150","6,469","4,325","22,985","$18,430","1,495",6.50%,$0.80,$12.33
7/9/14,Queen Bee,168,"4,666","3,958","13,555","$7,846",249,1.84%,$0.58,$31.51
7/10/14,Z Force,453,"2,012","1,207","6,844","$4,365",320,4.68%,$0.64,$13.64
7/10/14,Ranger Danger,"1,707","6,426","3,932","20,581","$15,686","1,239",6.02%,$0.76,$12.66
7/10/14,Queen Bee,199,"4,169","3,517","13,117","$14,970",517,3.94%,$1.14,$28.96
7/11/14,Z Force,530,"2,110","1,351","7,213","$5,841",372,5.16%,$0.81,$15.70
7/11/14,Ranger Danger,"1,887","6,290","4,305","21,987","$22,561","1,549",7.05%,$1.03,$14.56
7/11/14,Queen Bee,165,"4,803","4,007","13,188","$15,571",483,3.66%,$1.18,$32.24
7/12/14,Z Force,543,"2,058","1,365","7,197","$7,044",390,5.42%,$0.98,$18.06
7/12/14,Ranger Danger,"1,483","6,346","4,449","21,582","$22,743","1,481",6.86%,$1.05,$15.36
7/12/14,Queen Bee,213,"5,054","3,900","13,198","$12,552",390,2.96%,$0.95,$32.19
7/13/14,Z Force,565,"2,073","1,343","7,498","$7,121",395,5.27%,$0.95,$18.03
7/13/14,Ranger Danger,"2,035","6,453","4,470","22,233","$19,568","1,502",6.76%,$0.88,$13.03
7/13/14,Queen Bee,221,"5,168","4,346","13,454","$10,223",307,2.28%,$0.76,$33.30
7/14/14,Z Force,522,"2,169","1,291","7,505","$6,545",378,5.04%,$0.87,$17.32
7/14/14,Ranger Danger,"1,741","6,394","4,223","21,671","$17,158","1,347",6.22%,$0.79,$12.74
7/14/14,Queen Bee,238,"4,616","3,976","13,324","$8,352",273,2.05%,$0.63,$30.60
7/15/14,Z Force,534,"2,165","1,299","7,762","$4,836",381,4.91%,$0.62,$12.69
7/15/14,Ranger Danger,"1,708","6,391","4,199","21,409","$17,455","1,410",6.59%,$0.82,$12.38
7/15/14,Queen Bee,213,"4,489","3,879","13,268","$8,081",293,2.21%,$0.61,$27.58
7/16/14,Z Force,725,"4,206","2,357","11,369","$32,005","1,821",16.02%,$2.82,$17.58
7/16/14,Ranger Danger,"1,700","6,173","4,172","21,174","$14,613","1,276",6.03%,$0.69,$11.45
7/16/14,Queen Bee,190,"4,431","3,862","13,135","$8,113",279,2.12%,$0.62,$29.08
7/17/14,Z Force,648,"4,157","2,773","11,966","$22,129","1,425",11.91%,$1.85,$15.53
7/17/14,Ranger Danger,"1,428","5,813","3,221","20,051","$21,094","1,389",6.93%,$1.05,$15.19
7/17/14,Queen Bee,181,"3,893","3,382","12,531","$14,732",350,2.79%,$1.18,$42.09
7/18/14,Z Force,587,"3,988","2,774","11,720","$18,809","1,240",10.58%,$1.60,$15.17
7/18/14,Ranger Danger,"1,857","6,154","4,230","22,339","$29,366","1,691",7.57%,$1.31,$17.37
7/18/14,Queen Bee,199,"4,415","3,915","12,915","$10,376",281,2.18%,$0.80,$36.93
7/19/14,Z Force,595,"3,907","2,712","11,579","$16,871","1,159",10.01%,$1.46,$14.56
7/19/14,Ranger Danger,"1,504","6,095","4,359","22,390","$26,726","1,655",7.39%,$1.19,$16.15
7/19/14,Queen Bee,163,"4,758","4,135","13,029","$9,030",269,2.07%,$0.69,$33.57
7/20/14,Z Force,671,"4,100","2,742","11,702","$14,706","1,119",9.56%,$1.26,$13.14
7/20/14,Ranger Danger,"1,846","6,340","4,444","23,181","$23,106","1,490",6.43%,$1.00,$15.51
7/20/14,Queen Bee,187,"4,911","4,081","12,889","$6,328",200,1.55%,$0.49,$31.64
7/21/14,Z Force,651,"4,098","2,703","11,805","$15,510","1,046",8.86%,$1.31,$14.83
7/21/14,Ranger Danger,"1,750","6,259","4,187","23,263","$20,008","1,397",6.01%,$0.86,$14.32
7/21/14,Queen Bee,236,"4,490","3,830","12,761","$6,111",214,1.68%,$0.48,$28.56
7/22/14,Z Force,618,"3,695","2,540","11,768","$14,305",959,8.15%,$1.22,$14.92
7/22/14,Ranger Danger,"1,679","6,158","4,135","22,979","$17,513","1,331",5.79%,$0.76,$13.16
7/22/14,Queen Bee,213,"4,461","3,849","12,903","$7,420",232,1.80%,$0.58,$31.98
7/23/14,Z Force,811,"3,709","2,411","11,391","$11,014",879,7.72%,$0.97,$12.53
7/23/14,Ranger Danger,"1,606","6,067","4,071","22,692","$19,566","1,407",6.20%,$0.86,$13.91
7/23/14,Queen Bee,169,"4,404","3,874","12,919","$6,690",230,1.78%,$0.52,$29.08
7/24/14,Z Force,555,"3,670","2,290","11,232","$26,437","1,154",10.27%,$2.35,$22.91
7/24/14,Ranger Danger,"1,720","5,948","3,987","22,491","$16,283","1,278",5.68%,$0.72,$12.74
7/24/14,Queen Bee,180,"4,069","3,644","12,622","$3,886",162,1.28%,$0.31,$23.99
7/25/14,Z Force,729,"3,679","2,418","11,475","$23,425","1,089",9.49%,$2.04,$21.51
7/25/14,Ranger Danger,"1,670","5,781","4,032","22,583","$19,366","1,419",6.28%,$0.86,$13.65
7/25/14,Queen Bee,217,"4,843","3,689","12,581","$41,305",520,4.13%,$3.28,$79.43
7/26/14,Z Force,830,"3,773","2,559","11,365","$20,776","1,127",9.92%,$1.83,$18.43
7/26/14,Ranger Danger,"1,363","5,734","4,164","22,347","$19,409","1,458",6.52%,$0.87,$13.31
7/26/14,Queen Bee,212,"5,451","4,740","13,233","$25,151",383,2.89%,$1.90,$65.67
7/27/14,Z Force,700,"3,753","2,567","11,586","$20,946","1,043",9.00%,$1.81,$20.08
7/27/14,Ranger Danger,"2,006","6,049","4,230","23,462","$17,618","1,477",6.30%,$0.75,$11.93
7/27/14,Queen Bee,197,"5,421","4,649","13,349","$18,239",322,2.41%,$1.37,$56.64
7/28/14,Z Force,661,"3,608","2,388","11,366","$8,898",806,7.09%,$0.78,$11.04
7/28/14,Ranger Danger,"1,793","6,063","4,023","23,239","$17,063","1,313",5.65%,$0.73,$13.00
7/28/14,Queen Bee,233,"5,201","4,407","13,302","$12,093",221,1.66%,$0.91,$54.72
7/29/14,Z Force,676,"3,370","2,179","11,114","$8,947",822,7.40%,$0.81,$10.88
7/29/14,Ranger Danger,"1,832","5,969","3,986","22,962","$15,805","1,306",5.69%,$0.69,$12.10
7/29/14,Queen Bee,214,"5,082","4,327","13,263","$11,267",212,1.60%,$0.85,$53.14
7/30/14,Z Force,602,"3,256","1,998","10,521","$9,858",729,6.93%,$0.94,$13.52
7/30/14,Ranger Danger,"1,710","5,781","3,897","22,527","$15,345","1,263",5.61%,$0.68,$12.15
7/30/14,Queen Bee,216,"4,998","4,242","13,276","$10,355",225,1.70%,$0.78,$46.02
7/31/14,Z Force,612,"3,164","2,079","10,641","$10,668",758,7.12%,$1.00,$14.07
7/31/14,Ranger Danger,"1,634","5,568","3,831","20,943","$17,963","1,304",6.23%,$0.86,$13.78
7/31/14,Queen Bee,172,"4,301","3,754","12,516","$22,900",367,2.93%,$1.83,$62.40
8/1/14,Z Force,669,"3,226","2,138","10,735","$20,359",945,8.80%,$1.90,$21.54
8/1/14,Ranger Danger,"1,770","5,412","3,717","19,945","$18,855","1,343",6.73%,$0.95,$14.04
8/1/14,Queen Bee,181,"5,512","4,423","13,368","$20,930",376,2.81%,$1.57,$55.67
8/2/14,Z Force,614,"3,242","2,134","10,418","$18,800",999,9.59%,$1.80,$18.82
8/2/14,Ranger Danger,"1,240","5,443","3,831","19,516","$18,788","1,414",7.25%,$0.96,$13.29
8/2/14,Queen Bee,170,"7,419","6,621","13,954","$23,805",437,3.13%,$1.71,$54.47
8/3/14,Z Force,819,"3,266","2,157","10,466","$15,903",928,8.87%,$1.52,$17.14
8/3/14,Ranger Danger,"1,877","5,488","3,874","19,905","$16,345","1,359",6.83%,$0.82,$12.03
8/3/14,Queen Bee,186,"5,357","4,546","13,208","$4,834",131,0.99%,$0.37,$36.90
8/4/14,Z Force,631,"3,134","2,124","10,560","$8,821",734,6.95%,$0.84,$12.02
8/4/14,Ranger Danger,"1,829","5,481","3,722","19,634","$15,909","1,210",6.16%,$0.81,$13.15
8/4/14,Queen Bee,192,"4,725","4,093","12,943","$5,194",125,0.97%,$0.40,$41.55
8/5/14,Z Force,800,"3,167","2,084","10,376","$7,941",682,6.57%,$0.77,$11.64
8/5/14,Ranger Danger,"1,734","5,543","3,699","19,252","$14,957","1,237",6.43%,$0.78,$12.09
8/5/14,Queen Bee,202,"4,735","4,050","12,822","$3,927",127,0.99%,$0.31,$30.92
8/6/14,Z Force,561,"3,083","1,899","10,180","$7,811",628,6.17%,$0.77,$12.44
8/6/14,Ranger Danger,"1,682","5,408","3,662","19,129","$22,051","1,523",7.96%,$1.15,$14.48
8/6/14,Queen Bee,197,"4,640","3,986","12,719","$4,209",153,1.20%,$0.33,$27.51
8/7/14,Z Force,639,"3,005","1,942","10,044","$8,345",664,6.61%,$0.83,$12.57
8/7/14,Ranger Danger,"1,709","5,351","3,603","18,670","$20,071","1,407",7.54%,$1.08,$14.27
8/7/14,Queen Bee,170,"4,003","3,339","12,129","$13,235",266,2.19%,$1.09,$49.76
8/8/14,Z Force,613,"3,182","2,011","10,238","$10,214",724,7.07%,$1.00,$14.11
8/8/14,Ranger Danger,"1,594","5,104","3,554","18,373","$19,024","1,334",7.26%,$1.04,$14.26
8/8/14,Queen Bee,199,"4,592","3,964","12,462","$9,456",202,1.62%,$0.76,$46.81
8/9/14,Z Force,655,"3,008","2,054","10,178","$11,211",761,7.48%,$1.10,$14.73
8/9/14,Ranger Danger,"1,247","4,951","3,660","17,885","$17,707","1,291",7.22%,$0.99,$13.72
8/9/14,Queen Bee,214,"4,963","4,344","12,441","$7,059",195,1.57%,$0.57,$36.20
8/10/14,Z Force,655,"3,117","2,042","10,169","$10,570",718,7.06%,$1.04,$14.72
8/10/14,Ranger Danger,"1,853","5,341","3,737","18,971","$17,106","1,284",6.77%,$0.90,$13.32
8/10/14,Queen Bee,227,"4,809","4,102","12,605","$5,142",146,1.16%,$0.41,$35.22
8/11/14,Z Force,609,"3,223","2,003","10,728","$8,549",678,6.32%,$0.80,$12.61
8/11/14,Ranger Danger,"1,711","5,215","3,558","18,504","$15,635","1,177",6.36%,$0.84,$13.28
8/11/14,Queen Bee,178,"4,341","3,754","12,219","$4,409",124,1.02%,$0.36,$35.56
8/12/14,Z Force,608,"3,126","1,976","10,268","$6,107",615,5.99%,$0.59,$9.93
8/12/14,Ranger Danger,"1,520","5,088","3,434","17,940","$16,634","1,197",6.67%,$0.93,$13.90
8/12/14,Queen Bee,183,"4,245","3,679","12,080","$4,187",124,1.03%,$0.35,$33.77
8/13/14,Z Force,560,"2,847","1,873","9,909","$7,654",649,6.55%,$0.77,$11.79
8/13/14,Ranger Danger,"1,472","4,995","3,374","17,492","$12,849","1,057",6.04%,$0.73,$12.16
8/13/14,Queen Bee,167,"4,255","3,648","12,115","$4,070",114,0.94%,$0.34,$35.70
8/14/14,Z Force,499,"3,286","1,859","9,063","$53,031","1,394",15.38%,$5.85,$38.04
8/14/14,Ranger Danger,202,"3,376","1,403","7,703","$25,868",904,11.74%,$3.36,$28.62
8/14/14,Queen Bee,152,"4,041","3,086","11,481","$12,550",263,2.29%,$1.09,$47.72
8/15/14,Z Force,557,"3,075","1,887","10,036","$30,380","1,116",11.12%,$3.03,$27.22
8/15/14,Ranger Danger,"1,650","5,653","3,606","18,793","$99,351","2,928",15.58%,$5.29,$33.93
8/15/14,Queen Bee,306,"4,889","3,935","12,965","$8,853",214,1.65%,$0.68,$41.37
8/16/14,Z Force,522,"3,037","1,789","9,696","$21,309",934,9.63%,$2.20,$22.82
8/16/14,Ranger Danger,"1,310","5,737","3,900","18,502","$43,074","1,977",10.69%,$2.33,$21.79
8/16/14,Queen Bee,277,"6,253","4,849","14,429","$6,610",183,1.27%,$0.46,$36.12
8/17/14,Z Force,565,"2,941","1,945","9,629","$17,323",905,9.40%,$1.80,$19.14
8/17/14,Ranger Danger,"1,765","5,825","3,873","19,041","$32,562","1,644",8.63%,$1.71,$19.81
8/17/14,Queen Bee,270,"5,736","4,441","13,597","$5,386",155,1.14%,$0.40,$34.75
8/18/14,Z Force,485,"2,895","1,858","9,357","$14,636",791,8.45%,$1.56,$18.50
8/18/14,Ranger Danger,"1,551","5,316","3,517","18,221","$31,855","1,580",8.67%,$1.75,$20.16
8/18/14,Queen Bee,244,"5,112","3,926","12,920","$4,458",143,1.11%,$0.35,$31.18
8/19/14,Z Force,534,"2,949","1,783","9,097","$14,154",758,8.33%,$1.56,$18.67
8/19/14,Ranger Danger,"1,529","5,359","3,500","17,990","$31,746","1,462",8.13%,$1.76,$21.71
8/19/14,Queen Bee,272,"5,061","3,835","12,921","$3,908",139,1.08%,$0.30,$28.11
8/20/14,Z Force,461,"2,758","1,744","8,808","$12,538",702,7.97%,$1.42,$17.86
8/20/14,Ranger Danger,"1,432","5,095","3,405","17,183","$25,239","1,379",8.03%,$1.47,$18.30
8/20/14,Queen Bee,252,"4,997","3,842","12,879","$5,548",142,1.10%,$0.43,$39.07
8/21/14,Z Force,468,"3,175","1,738","9,702","$13,498",722,7.44%,$1.39,$18.70
8/21/14,Ranger Danger,"1,377","4,978","3,348","16,659","$26,877","1,282",7.70%,$1.61,$20.97
8/21/14,Queen Bee,164,"4,227","3,208","12,276","$7,172",235,1.91%,$0.58,$30.52
8/22/14,Z Force,408,"3,005","1,688","8,754","$14,215",730,8.34%,$1.62,$19.47
8/22/14,Ranger Danger,"1,361","5,138","3,323","16,695","$24,315","1,267",7.59%,$1.46,$19.19
8/22/14,Queen Bee,225,"4,769","3,779","12,521","$14,793",408,3.26%,$1.18,$36.26
8/23/14,Z Force,513,"3,114","1,962","9,124","$12,012",763,8.36%,$1.32,$15.74
8/23/14,Ranger Danger,"1,570","5,200","3,547","17,603","$22,444","1,295",7.36%,$1.28,$17.33
8/23/14,Queen Bee,223,"5,296","4,215","12,898","$23,370",580,4.50%,$1.81,$40.29
8/24/14,Z Force,480,"3,010","1,856","8,754","$15,684",809,9.24%,$1.79,$19.39
8/24/14,Ranger Danger,"1,276","5,153","3,581","17,346","$22,595","1,342",7.74%,$1.30,$16.84
8/24/14,Queen Bee,215,"5,184","4,085","12,794","$19,540",509,3.98%,$1.53,$38.39
8/25/14,Z Force,391,"2,483","1,526","8,010","$11,699",649,8.10%,$1.46,$18.03
8/25/14,Ranger Danger,"1,431","4,577","3,062","16,297","$22,174","1,150",7.06%,$1.36,$19.28
8/25/14,Queen Bee,230,"4,684","3,665","12,282","$2,579",94,0.77%,$0.21,$27.44
8/26/14,Z Force,393,"2,400","1,463","7,759","$10,729",623,8.03%,$1.38,$17.22
8/26/14,Ranger Danger,"1,454","4,461","2,945","15,811","$18,711","1,075",6.80%,$1.18,$17.41
8/26/14,Queen Bee,198,"4,575","3,596","12,042","$2,162",76,0.63%,$0.18,$28.45
8/27/14,Z Force,338,"2,649","1,463","7,250","$9,525",524,7.23%,$1.31,$18.18
8/27/14,Ranger Danger,"1,211","4,358","2,784","14,269","$19,329",971,6.81%,$1.35,$19.91
8/27/14,Queen Bee,135,"3,922","2,955","11,281","$11,040",164,1.45%,$0.98,$67.32
8/28/14,Z Force,386,"2,380","1,350","7,436","$9,476",540,7.26%,$1.27,$17.55
8/28/14,Ranger Danger,"1,343","4,306","2,846","15,004","$14,311",934,6.23%,$0.95,$15.32
8/28/14,Queen Bee,163,"4,155","3,328","11,976","$7,304",153,1.28%,$0.61,$47.74
8/29/14,Z Force,361,"2,744","1,549","8,023","$14,880",691,8.61%,$1.85,$21.53
8/29/14,Ranger Danger,"1,317","4,347","2,914","14,934","$15,609",980,6.56%,$1.05,$15.93
8/29/14,Queen Bee,226,"4,463","3,614","12,252","$14,784",365,2.98%,$1.21,$40.50
8/30/14,Z Force,487,"2,617","1,738","8,384","$14,473",749,8.93%,$1.73,$19.32
8/30/14,Ranger Danger,"1,402","4,478","3,184","15,847","$16,076","1,183",7.47%,$1.01,$13.59
8/30/14,Queen Bee,201,"5,289","4,251","12,482","$10,385",311,2.49%,$0.83,$33.39
8/31/14,Z Force,489,"2,786","1,745","8,226","$14,993",798,9.70%,$1.82,$18.79
8/31/14,Ranger Danger,"1,239","4,546","3,266","15,976","$14,893","1,149",7.19%,$0.93,$12.96
8/31/14,Queen Bee,201,"4,933","4,074","12,385","$5,977",212,1.71%,$0.48,$28.19
9/1/14,Z Force,470,"2,420","1,652","8,061","$11,500",679,8.42%,$1.43,$16.94
9/1/14,Ranger Danger,"1,430","4,432","3,168","15,781","$14,177","1,118",7.08%,$0.90,$12.68
9/1/14,Queen Bee,178,"4,641","3,675","11,899","$8,469",233,1.96%,$0.71,$36.35
9/2/14,Z Force,141,"1,925",683,"4,168","$5,184",255,6.12%,$1.24,$20.33
9/2/14,Ranger Danger,323,"3,964","1,881","8,192","$5,553",488,5.96%,$0.68,$11.38
9/2/14,Queen Bee,83,"3,167","1,625","8,195","$1,721",54,0.66%,$0.21,$31.87
9/3/14,Z Force,356,"2,435","1,296","7,191","$12,020",692,9.62%,$1.67,$17.37
9/3/14,Ranger Danger,"1,394","4,435","2,903","14,434","$15,349","1,171",8.11%,$1.06,$13.11
9/3/14,Queen Bee,160,"4,043","3,319","11,864","$4,481",117,0.99%,$0.38,$38.30
9/4/14,Z Force,274,"2,211","1,185","6,709","$8,632",480,7.16%,$1.29,$17.98
9/4/14,Ranger Danger,"1,263","3,886","2,633","13,668","$12,173",938,6.86%,$0.89,$12.98
9/4/14,Queen Bee,108,"3,303","2,251","10,221","$7,581",198,1.94%,$0.74,$38.29
9/5/14,Z Force,349,"2,609","1,437","7,541","$10,102",531,7.04%,$1.34,$19.02
9/5/14,Ranger Danger,"1,243","4,255","2,801","14,264","$16,098","1,095",7.68%,$1.13,$14.70
9/5/14,Queen Bee,168,"4,417","3,355","11,984","$5,366",167,1.39%,$0.45,$32.13
9/6/14,Z Force,511,"2,641","1,743","8,156","$10,272",595,7.30%,$1.26,$17.26
9/6/14,Ranger Danger,"1,360","4,390","3,144","15,360","$13,991","1,147",7.47%,$0.91,$12.20
9/6/14,Queen Bee,170,"6,575","5,646","13,279","$71,494","1,332",10.03%,$5.38,$53.67
9/7/14,Z Force,424,"2,539","1,601","7,720","$10,226",585,7.58%,$1.32,$17.48
9/7/14,Ranger Danger,849,"4,206","3,004","14,407","$12,996","1,029",7.14%,$0.90,$12.63
9/7/14,Queen Bee,171,"4,701","3,727","12,066","$2,023",86,0.71%,$0.17,$23.52
9/8/14,Z Force,310,"2,011","1,167","6,392","$7,875",461,7.21%,$1.23,$17.08
9/8/14,Ranger Danger,"1,713","3,817","2,527","13,646","$11,194",892,6.54%,$0.82,$12.55
9/8/14,Queen Bee,149,"3,962","3,247","11,417","$2,886",96,0.84%,$0.25,$30.07
9/9/14,Z Force,294,"2,013","1,137","6,355","$7,846",448,7.05%,$1.23,$17.51
9/9/14,Ranger Danger,"1,128","3,812","2,541","12,824","$10,007",813,6.34%,$0.78,$12.31
9/9/14,Queen Bee,162,"3,849","3,176","11,482","$2,111",74,0.64%,$0.18,$28.52
9/10/14,Z Force,248,"2,066","1,138","6,182","$7,661",454,7.34%,$1.24,$16.87
9/10/14,Ranger Danger,"1,109","3,644","2,467","12,273","$10,071",808,6.58%,$0.82,$12.46
9/10/14,Queen Bee,147,"3,840","3,118","11,303","$2,844",90,0.80%,$0.25,$31.60
9/11/14,Z Force,256,"1,865","1,001","5,877","$8,034",416,7.08%,$1.37,$19.31
9/11/14,Ranger Danger,991,"3,641","2,051","11,332","$8,303",673,5.94%,$0.73,$12.34
9/11/14,Queen Bee,123,"3,466","2,590","10,550","$5,499",159,1.51%,$0.52,$34.58
9/12/14,Z Force,309,"2,362","1,273","6,760","$7,990",478,7.07%,$1.18,$16.72
9/12/14,Ranger Danger,"1,231","4,293","2,734","13,366","$12,560","1,282",9.59%,$0.94,$9.80
9/12/14,Queen Bee,171,"3,976","3,201","11,265","$16,232",246,2.18%,$1.44,$65.98
9/13/14,Z Force,478,"2,448","1,576","7,569","$7,727",529,6.99%,$1.02,$14.61
9/13/14,Ranger Danger,"1,238","4,539","3,513","14,523","$13,949","1,400",9.64%,$0.96,$9.96
9/13/14,Queen Bee,200,"4,446","3,618","11,580","$20,939",285,2.46%,$1.81,$73.47
9/14/14,Z Force,460,"2,316","1,466","7,240","$7,645",514,7.10%,$1.06,$14.87
9/14/14,Ranger Danger,"1,635","4,393","3,413","14,701","$10,084","1,159",7.88%,$0.69,$8.70
9/14/14,Queen Bee,197,"4,311","3,470","11,487","$11,935",204,1.78%,$1.04,$58.50
9/15/14,Z Force,346,"2,029","1,122","7,043","$8,063",455,6.46%,$1.14,$17.72
9/15/14,Ranger Danger,"1,151","4,089","2,948","12,733","$11,417","1,109",8.71%,$0.90,$10.30
9/15/14,Queen Bee,245,"3,813","3,071","11,002","$2,778",99,0.90%,$0.25,$28.07
9/16/14,Z Force,272,"1,928","1,110","6,083","$7,098",418,6.87%,$1.17,$16.98
9/16/14,Ranger Danger,"1,088","3,990","2,835","12,286","$10,230","1,023",8.33%,$0.83,$10.00
9/16/14,Queen Bee,181,"3,651","3,015","10,779","$2,003",77,0.71%,$0.19,$26.02
9/17/14,Z Force,265,"2,371","1,144","6,360","$26,449",799,12.56%,$4.16,$33.10
9/17/14,Ranger Danger,454,"3,560","1,619","11,929","$21,156",896,7.51%,$1.77,$23.61
9/17/14,Queen Bee,137,"3,674","3,021","11,015","$2,226",77,0.70%,$0.20,$28.91
9/18/14,Z Force,283,"2,252","1,232","6,327","$17,509",639,10.10%,$2.77,$27.40
9/18/14,Ranger Danger,"1,641","4,540","3,062","15,487","$21,756","1,154",7.45%,$1.40,$18.85
9/18/14,Queen Bee,139,"3,313","2,528","10,846","$9,995",159,1.47%,$0.92,$62.86
9/19/14,Z Force,307,"2,503","1,452","7,017","$15,863",680,9.69%,$2.26,$23.33
9/19/14,Ranger Danger,"1,334","4,633","3,298","16,188","$18,420","1,108",6.85%,$1.14,$16.62
9/19/14,Queen Bee,155,"3,883","3,309","10,989","$6,651",166,1.51%,$0.61,$40.07
9/20/14,Z Force,461,"2,516","1,712","7,542","$13,349",669,8.87%,$1.77,$19.95
9/20/14,Ranger Danger,"1,240","4,798","3,628","17,257","$15,867","1,156",6.70%,$0.92,$13.73
9/20/14,Queen Bee,196,"4,371","3,644","11,461","$5,232",168,1.47%,$0.46,$31.14
9/21/14,Z Force,406,"2,453","1,647","7,324","$11,344",594,8.11%,$1.55,$19.10
9/21/14,Ranger Danger,"1,322","5,057","3,836","17,736","$14,521","1,130",6.37%,$0.82,$12.85
9/21/14,Queen Bee,172,"4,398","3,551","11,253","$2,839",94,0.84%,$0.25,$30.21
9/22/14,Z Force,254,"2,140","1,289","6,180","$9,288",450,7.28%,$1.50,$20.64
9/22/14,Ranger Danger,"1,382","4,557","3,615","16,553","$11,508",952,5.75%,$0.70,$12.09
9/22/14,Queen Bee,168,"3,806","3,188","10,776","$2,927",102,0.95%,$0.27,$28.70
9/23/14,Z Force,302,"2,113","1,256","6,153","$7,695",424,6.89%,$1.25,$18.15
9/23/14,Ranger Danger,"1,270","4,441","3,202","16,285","$12,191",837,5.14%,$0.75,$14.56
9/23/14,Queen Bee,128,"3,849","3,143","10,935","$3,192",104,0.95%,$0.29,$30.69
9/24/14,Z Force,254,"2,210","1,262","6,012","$9,370",524,8.72%,$1.56,$17.88
9/24/14,Ranger Danger,"1,101","4,217","2,692","15,711","$9,863",716,4.56%,$0.63,$13.77
9/24/14,Queen Bee,154,"3,188","2,645","10,467","$4,835",137,1.31%,$0.46,$35.29
9/25/14,Z Force,250,"2,118","1,258","6,152","$9,948",514,8.36%,$1.62,$19.35
9/25/14,Ranger Danger,"1,257","4,042","2,782","16,172","$11,780",772,4.77%,$0.73,$15.26
9/25/14,Queen Bee,171,"3,505","3,006","10,575","$4,795",120,1.14%,$0.45,$39.96
9/26/14,Z Force,425,"2,451","1,426","7,385","$11,786",580,7.85%,$1.60,$20.32
9/26/14,Ranger Danger,"1,219","4,193","2,902","16,487","$11,604",787,4.77%,$0.70,$14.74
9/26/14,Queen Bee,148,"3,607","3,092","10,601","$7,697",208,1.96%,$0.73,$37.01
9/27/14,Z Force,426,"2,423","1,688","7,344","$10,298",582,7.93%,$1.40,$17.69
9/27/14,Ranger Danger,"1,178","4,342","3,241","17,137","$12,795",903,5.27%,$0.75,$14.17
9/27/14,Queen Bee,168,"4,028","3,357","10,885","$10,188",221,2.03%,$0.94,$46.10
9/28/14,Z Force,415,"2,370","1,599","7,037","$9,943",519,7.38%,$1.41,$19.16
9/28/14,Ranger Danger,"1,753","4,408","3,261","18,058","$10,760",814,4.51%,$0.60,$13.22
9/28/14,Queen Bee,215,"4,061","3,335","10,907","$7,297",191,1.75%,$0.67,$38.20
9/29/14,Z Force,333,"2,096","1,243","6,038","$8,788",481,7.97%,$1.46,$18.27
9/29/14,Ranger Danger,"1,385","4,313","2,870","16,766","$9,432",699,4.17%,$0.56,$13.49
9/29/14,Queen Bee,172,"3,653","3,014","10,521","$5,448",134,1.27%,$0.52,$40.65
9/30/14,Z Force,278,"2,039","1,204","5,872","$7,999",445,7.58%,$1.36,$17.97
9/30/14,Ranger Danger,"1,109","4,245","2,961","16,177","$11,768",708,4.38%,$0.73,$16.62
9/30/14,Queen Bee,145,"3,538","3,013","10,633","$6,079",167,1.57%,$0.57,$36.40
10/1/14,Z Force,265,"2,105","1,158","5,884","$15,277",573,9.74%,$2.60,$26.66
10/1/14,Ranger Danger,"1,241","4,729","3,281","16,199","$17,871",904,5.58%,$1.10,$19.77
10/1/14,Queen Bee,119,"3,629","3,054","10,677","$6,890",186,1.74%,$0.65,$37.04
10/2/14,Z Force,268,"2,050","1,230","5,811","$13,306",548,9.43%,$2.29,$24.28
10/2/14,Ranger Danger,"1,221","4,263","2,980","16,252","$16,381",838,5.16%,$1.01,$19.55
10/2/14,Queen Bee,160,"2,864","2,349","10,066","$7,619",164,1.63%,$0.76,$46.46
10/3/14,Z Force,273,"2,359","1,385","6,517","$13,379",578,8.87%,$2.05,$23.15
10/3/14,Ranger Danger,"1,226","4,540","2,961","16,561","$15,528",896,5.41%,$0.94,$17.33
10/3/14,Queen Bee,125,"3,181","2,678","10,625","$4,750",115,1.08%,$0.45,$41.31
10/4/14,Z Force,435,"2,372","1,627","6,868","$13,509",610,8.88%,$1.97,$22.15
10/4/14,Ranger Danger,"1,279","4,837","3,319","17,443","$15,728",995,5.70%,$0.90,$15.81
10/4/14,Queen Bee,181,"5,989","5,108","12,211","$48,486",950,7.78%,$3.97,$51.04
10/5/14,Z Force,421,"2,327","1,574","6,738","$12,299",563,8.36%,$1.83,$21.85
10/5/14,Ranger Danger,"1,298","4,748","3,202","17,788","$14,433",983,5.53%,$0.81,$14.68
10/5/14,Queen Bee,161,"4,267","3,565","11,092","$1,733",51,0.46%,$0.16,$33.97
10/6/14,Z Force,288,"2,002","1,218","5,780","$12,016",492,8.51%,$2.08,$24.42
10/6/14,Ranger Danger,"1,206","4,285","2,862","15,927","$10,307",713,4.48%,$0.65,$14.46
10/6/14,Queen Bee,134,"3,414","2,940","10,275","$2,025",62,0.60%,$0.20,$32.67
10/7/14,Z Force,239,"2,020","1,205","5,708","$11,639",502,8.80%,$2.04,$23.18
10/7/14,Ranger Danger,"1,139","4,304","2,942","15,733","$11,080",693,4.41%,$0.70,$15.99
10/7/14,Queen Bee,166,"3,376","2,882","10,187","$1,799",53,0.52%,$0.18,$33.95
10/8/14,Z Force,245,"1,991","1,143","5,757","$5,599",394,6.84%,$0.97,$14.21
10/8/14,Ranger Danger,997,"4,720","3,235","15,075","$9,921",679,4.50%,$0.66,$14.61
10/8/14,Queen Bee,156,"3,320","2,872","10,341","$2,501",68,0.66%,$0.24,$36.78
10/9/14,Z Force,299,"2,031","1,255","6,636","$8,906",475,7.16%,$1.34,$18.75
10/9/14,Ranger Danger,"1,233","4,357","3,053","14,701","$11,384",709,4.82%,$0.77,$16.06
10/9/14,Queen Bee,146,"3,795","2,826","11,353","$4,322",145,1.28%,$0.38,$29.80
10/10/14,Z Force,317,"2,295","1,371","6,612","$8,425",465,7.03%,$1.27,$18.12
10/10/14,Ranger Danger,"1,422","5,370","3,467","15,198","$13,271",835,5.49%,$0.87,$15.89
10/10/14,Queen Bee,220,"4,185","3,653","11,607","$3,805",130,1.12%,$0.33,$29.27
10/11/14,Z Force,497,"2,285","1,544","7,068","$7,782",501,7.09%,$1.10,$15.53
10/11/14,Ranger Danger,"1,470","4,677","3,337","15,741","$13,680",913,5.80%,$0.87,$14.98
10/11/14,Queen Bee,215,"4,640","3,954","11,699","$2,774",120,1.03%,$0.24,$23.12
10/12/14,Z Force,403,"2,164","1,489","6,859","$9,352",459,6.69%,$1.36,$20.37
10/12/14,Ranger Danger,"1,437","4,759","3,358","16,079","$13,739",915,5.69%,$0.85,$15.01
10/12/14,Queen Bee,179,"4,539","3,824","11,742","$2,778",119,1.01%,$0.24,$23.34
10/13/14,Z Force,317,"2,057","1,283","6,201","$6,652",406,6.55%,$1.07,$16.38
10/13/14,Ranger Danger,"1,312","4,741","3,216","14,541","$13,536",829,5.70%,$0.93,$16.33
10/13/14,Queen Bee,168,"4,173","3,402","11,303","$2,318",97,0.86%,$0.21,$23.90
10/14/14,Z Force,290,"2,003","1,138","5,813","$5,789",374,6.43%,$1.00,$15.48
10/14/14,Ranger Danger,"1,127","4,156","2,893","13,263","$9,805",653,4.92%,$0.74,$15.02
10/14/14,Queen Bee,159,"3,870","3,264","11,135","$2,852",102,0.92%,$0.26,$27.96
10/15/14,Z Force,275,"1,912","1,119","5,860","$6,004",357,6.09%,$1.02,$16.82
10/15/14,Ranger Danger,"1,439","3,451","2,350","12,676","$9,765",652,5.14%,$0.77,$14.98
10/15/14,Queen Bee,184,"3,836","3,221","11,032","$2,058",71,0.64%,$0.19,$28.99
10/16/14,Z Force,229,"2,341","1,270","5,822","$42,431","1,044",17.93%,$7.29,$40.64
10/16/14,Ranger Danger,"1,086","3,889","2,270","11,535","$7,907",552,4.79%,$0.69,$14.33
10/16/14,Queen Bee,120,"3,042","2,713","10,506","$9,535",153,1.46%,$0.91,$62.32
10/17/14,Z Force,313,"2,823","1,744","7,037","$31,402",997,14.17%,$4.46,$31.50
10/17/14,Ranger Danger,"1,308","4,022","2,447","12,692","$9,612",691,5.44%,$0.76,$13.91
10/17/14,Queen Bee,168,"3,770","3,274","10,952","$5,646",129,1.18%,$0.52,$43.76
10/18/14,Z Force,462,"2,810","2,018","7,757","$20,949",890,11.47%,$2.70,$23.54
10/18/14,Ranger Danger,"1,365","4,587","2,910","13,257","$9,805",779,5.88%,$0.74,$12.59
10/18/14,Queen Bee,174,"4,153","3,568","11,217","$11,332",284,2.53%,$1.01,$39.90
10/19/14,Z Force,428,"2,792","1,975","7,726","$15,043",718,9.29%,$1.95,$20.95
10/19/14,Ranger Danger,"1,308","4,368","2,853","13,245","$9,199",698,5.27%,$0.69,$13.18
10/19/14,Queen Bee,168,"4,142","3,444","10,988","$7,069",203,1.85%,$0.64,$34.82
10/20/14,Z Force,300,"2,691","1,653","7,014","$12,636",605,8.63%,$1.80,$20.89
10/20/14,Ranger Danger,"1,289","3,662","2,383","12,136","$7,358",632,5.21%,$0.61,$11.64
10/20/14,Queen Bee,162,"3,498","2,950","10,371","$5,378",158,1.52%,$0.52,$34.04
10/21/14,Z Force,295,"2,649","1,692","6,950","$12,152",565,8.13%,$1.75,$21.51
10/21/14,Ranger Danger,"1,291","3,452","2,357","11,989","$7,449",612,5.11%,$0.62,$12.17
10/21/14,Queen Bee,135,"3,612","3,076","10,592","$4,773",143,1.35%,$0.45,$33.38
10/22/14,Z Force,312,"2,636","1,546","7,005","$9,147",517,7.38%,$1.31,$17.69
10/22/14,Ranger Danger,"1,314","3,542","2,382","11,988","$7,999",598,4.99%,$0.67,$13.38
10/22/14,Queen Bee,172,"3,522","3,059","10,556","$5,819",175,1.66%,$0.55,$33.25
10/23/14,Z Force,329,"2,714","1,692","7,094","$10,705",575,8.11%,$1.51,$18.62
10/23/14,Ranger Danger,454,"2,957","1,819","11,678","$18,440",892,7.64%,$1.58,$20.67
10/23/14,Queen Bee,155,"3,453","2,978","10,326","$6,336",192,1.86%,$0.61,$33.00
10/24/14,Z Force,347,"2,873","1,842","7,482","$11,276",611,8.17%,$1.51,$18.46
10/24/14,Ranger Danger,600,"3,489","1,998","13,066","$18,475",983,7.52%,$1.41,$18.79
10/24/14,Queen Bee,112,"3,554","3,126","10,330","$8,354",215,2.08%,$0.81,$38.85
10/25/14,Z Force,479,"2,950","2,099","8,033","$12,283",666,8.29%,$1.53,$18.44
10/25/14,Ranger Danger,"1,385","5,306","2,900","15,121","$16,055",981,6.49%,$1.06,$16.37
10/25/14,Queen Bee,136,"4,020","3,418","10,632","$2,158",72,0.68%,$0.20,$29.97
10/26/14,Z Force,485,"2,798","2,015","8,018","$10,596",611,7.62%,$1.32,$17.34
10/26/14,Ranger Danger,"1,373","4,786","3,037","15,176","$13,989",954,6.29%,$0.92,$14.66
10/26/14,Queen Bee,165,"3,968","3,285","10,452","$1,989",64,0.61%,$0.19,$31.08
10/27/14,Z Force,282,"2,648","1,689","7,061","$9,357",502,7.11%,$1.33,$18.64
10/27/14,Ranger Danger,"1,190","4,203","2,624","13,358","$13,955",865,6.48%,$1.04,$16.13
10/27/14,Queen Bee,147,"3,370","2,944","10,033","$2,024",62,0.62%,$0.20,$32.64
10/28/14,Z Force,328,"2,593","1,649","6,959","$9,607",483,6.94%,$1.38,$19.89
10/28/14,Ranger Danger,"1,562","3,991","2,560","12,912","$12,155",779,6.03%,$0.94,$15.60
10/28/14,Queen Bee,175,"3,480","3,028","10,382","$1,464",52,0.50%,$0.14,$28.15
10/29/14,Z Force,255,"2,565","1,580","6,796","$8,100",440,6.47%,$1.19,$18.41
10/29/14,Ranger Danger,"1,508","3,764","2,325","12,283","$15,804",775,6.31%,$1.29,$20.39
10/29/14,Queen Bee,150,"2,927","2,168","10,109","$9,533",259,2.56%,$0.94,$36.81
10/30/14,Z Force,273,"2,585","1,693","6,947","$8,462",453,6.52%,$1.22,$18.68
10/30/14,Ranger Danger,"1,059","3,858","2,526","12,148","$15,076",861,7.09%,$1.24,$17.51
10/30/14,Queen Bee,146,"6,196","4,526","12,605","$15,676",517,4.10%,$1.24,$30.32
10/31/14,Z Force,332,"2,674","1,734","7,839","$10,210",545,6.95%,$1.30,$18.73
10/31/14,Ranger Danger,"1,048","3,780","2,527","12,211","$16,023",867,7.10%,$1.31,$18.48
10/31/14,Queen Bee,139,"5,599","5,030","12,342","$12,795",371,3.01%,$1.04,$34.49
11/1/14,Z Force,449,"2,874","2,036","8,371","$10,480",630,7.53%,$1.25,$16.63
11/1/14,Ranger Danger,"1,425","4,322","2,954","14,018","$17,129","1,010",7.21%,$1.22,$16.96
11/1/14,Queen Bee,167,"6,224","5,479","12,674","$11,705",349,2.75%,$0.92,$33.54
11/2/14,Z Force,450,"2,791","1,754","8,062","$10,939",596,7.39%,$1.36,$18.35
11/2/14,Ranger Danger,"1,442","4,207","2,745","14,169","$14,326",909,6.42%,$1.01,$15.76
11/2/14,Queen Bee,141,"5,686","4,482","12,436","$7,870",239,1.92%,$0.63,$32.93
11/3/14,Z Force,357,"2,580","1,635","7,101","$7,993",472,6.65%,$1.13,$16.93
11/3/14,Ranger Danger,"1,257","3,850","2,482","12,380","$12,547",811,6.55%,$1.01,$15.47
11/3/14,Queen Bee,148,"5,177","4,551","12,159","$7,258",227,1.87%,$0.60,$31.97
11/4/14,Z Force,379,"2,428","1,550","7,114","$7,357",443,6.23%,$1.03,$16.61
11/4/14,Ranger Danger,"1,276","3,802","2,381","12,440","$13,248",766,6.16%,$1.06,$17.30
11/4/14,Queen Bee,149,"4,056","3,383","11,630","$2,192",79,0.68%,$0.19,$27.75
11/5/14,Z Force,275,"2,511","1,463","7,154","$9,133",482,6.74%,$1.28,$18.95
11/5/14,Ranger Danger,"1,655","3,621","1,982","11,509","$9,415",618,5.37%,$0.82,$15.23
11/5/14,Queen Bee,119,"3,202","2,557","10,602","$2,810",77,0.73%,$0.27,$36.49
11/6/14,Z Force,307,"2,446","1,499","6,957","$10,990",552,7.93%,$1.58,$19.91
11/6/14,Ranger Danger,"1,148","3,698","2,439","12,090","$9,999",684,5.66%,$0.83,$14.62
11/6/14,Queen Bee,130,"3,546","3,087","11,204","$3,436",96,0.86%,$0.31,$35.80
11/7/14,Z Force,378,"2,631","1,642","7,455","$12,092",599,8.04%,$1.62,$20.19
11/7/14,Ranger Danger,"1,349","4,166","2,672","12,740","$11,043",786,6.17%,$0.87,$14.05
11/7/14,Queen Bee,162,"3,551","3,188","10,964","$3,567",108,0.99%,$0.33,$33.03
11/8/14,Z Force,462,"2,682","1,892","7,949","$10,558",611,7.69%,$1.33,$17.28
11/8/14,Ranger Danger,"1,602","4,454","3,046","14,476","$13,233",857,5.92%,$0.91,$15.44
11/8/14,Queen Bee,174,"3,974","3,471","11,069","$2,565",80,0.72%,$0.23,$32.07
11/9/14,Z Force,440,"2,495","1,765","7,665","$10,698",605,7.89%,$1.40,$17.68
11/9/14,Ranger Danger,"1,545","4,411","3,024","14,868","$12,626",837,5.63%,$0.85,$15.08
11/9/14,Queen Bee,159,"4,027","3,315","10,802","$2,445",94,0.87%,$0.23,$26.01
11/10/14,Z Force,388,"2,462","1,500","8,331","$10,781",593,7.12%,$1.29,$18.18
11/10/14,Ranger Danger,"1,459","3,986","2,604","13,158","$10,704",732,5.56%,$0.81,$14.62
11/10/14,Queen Bee,140,"3,357","2,909","10,440","$2,696",82,0.79%,$0.26,$32.88
11/11/14,Z Force,364,"2,164","1,394","7,376","$7,436",516,7.00%,$1.01,$14.41
11/11/14,Ranger Danger,"1,524","3,948","2,585","13,304","$11,299",776,5.83%,$0.85,$14.56
11/11/14,Queen Bee,134,"3,412","2,940","10,495","$4,574",120,1.14%,$0.44,$38.12
11/12/14,Z Force,286,"2,013","1,099","6,311","$7,371",398,6.31%,$1.17,$18.52
11/12/14,Ranger Danger,"1,351","3,850","2,473","12,492","$9,514",651,5.21%,$0.76,$14.61
11/12/14,Queen Bee,145,"3,192","2,741","10,403","$3,462",115,1.11%,$0.33,$30.11
11/13/14,Z Force,260,"2,155","1,188","6,605","$35,340",747,11.31%,$5.35,$47.31
11/13/14,Ranger Danger,"1,200","3,754","2,111","13,173","$16,118",928,7.05%,$1.22,$17.37
11/13/14,Queen Bee,125,"2,897","2,096","9,737","$17,806",301,3.09%,$1.83,$59.16
11/14/14,Z Force,355,"2,453","1,354","7,470","$25,822",636,8.51%,$3.46,$40.60
11/14/14,Ranger Danger,"1,478","4,787","3,114","15,105","$19,305","1,089",7.21%,$1.28,$17.73
11/14/14,Queen Bee,161,"3,365","2,908","10,465","$13,137",253,2.42%,$1.26,$51.92
11/15/14,Z Force,569,"2,578","1,647","8,185","$12,958",600,7.33%,$1.58,$21.60
11/15/14,Ranger Danger,"1,614","5,022","3,530","16,454","$18,014","1,160",7.05%,$1.09,$15.53
11/15/14,Queen Bee,216,"3,873","3,158","10,806","$9,772",205,1.90%,$0.90,$47.67
11/16/14,Z Force,579,"2,376","1,552","7,839","$13,402",500,6.38%,$1.71,$26.80
11/16/14,Ranger Danger,"1,406","5,042","3,469","16,432","$15,883","1,061",6.46%,$0.97,$14.97
11/16/14,Queen Bee,150,"3,761","3,179","10,564","$5,742",141,1.34%,$0.54,$40.73
11/17/14,Z Force,515,"2,203","1,237","7,070","$10,321",444,6.28%,$1.46,$23.25
11/17/14,Ranger Danger,"1,178","4,569","2,922","13,847","$13,184",930,6.72%,$0.95,$14.18
11/17/14,Queen Bee,115,"3,241","2,830","10,183","$6,325",132,1.30%,$0.62,$47.91
11/18/14,Z Force,404,"2,160","1,198","6,872","$9,074",386,5.62%,$1.32,$23.51
11/18/14,Ranger Danger,"1,310","4,269","2,780","13,748","$12,938",868,6.31%,$0.94,$14.91
11/18/14,Queen Bee,155,"3,198","2,778","10,056","$4,213",127,1.26%,$0.42,$33.17
11/19/14,Z Force,495,"2,208","1,151","7,385","$8,180",391,5.30%,$1.11,$20.92
11/19/14,Ranger Danger,"1,259","4,610","2,444","13,750","$11,590",832,6.05%,$0.84,$13.93
11/19/14,Queen Bee,141,"3,157","2,722","10,262","$5,336",125,1.22%,$0.52,$42.68
11/20/14,Z Force,315,"1,952",941,"6,522","$7,043",328,5.03%,$1.08,$21.47
11/20/14,Ranger Danger,"1,257","4,380","2,824","13,657","$12,911",869,6.36%,$0.95,$14.86
11/20/14,Queen Bee,207,"2,633","1,794","10,028","$2,734",73,0.73%,$0.27,$37.46
11/21/14,Z Force,381,"2,251","1,235","7,289","$8,524",423,5.80%,$1.17,$20.15
11/21/14,Ranger Danger,"1,402","4,513","2,998","14,544","$13,995",906,6.23%,$0.96,$15.45
11/21/14,Queen Bee,265,"3,773","3,272","12,206","$4,870",119,0.98%,$0.40,$40.93
11/22/14,Z Force,498,"2,337","1,488","7,714","$9,257",434,5.63%,$1.20,$21.33
11/22/14,Ranger Danger,"1,626","4,743","3,365","15,810","$14,567","1,026",6.49%,$0.92,$14.20
11/22/14,Queen Bee,219,"4,156","3,616","12,241","$2,155",77,0.63%,$0.18,$27.98
11/23/14,Z Force,457,"2,142","1,426","7,440","$6,400",428,5.75%,$0.86,$14.95
11/23/14,Ranger Danger,"1,901","4,950","3,541","16,651","$12,181",915,5.50%,$0.73,$13.31
11/23/14,Queen Bee,224,"4,260","3,564","12,436","$2,212",83,0.67%,$0.18,$26.65
11/24/14,Z Force,393,"2,094","1,196","6,764","$5,772",338,5.00%,$0.85,$17.08
11/24/14,Ranger Danger,"1,763","4,731","3,128","15,018","$9,888",804,5.35%,$0.66,$12.30
11/24/14,Queen Bee,180,"3,673","2,904","12,034","$1,680",58,0.48%,$0.14,$28.96
11/25/14,Z Force,360,"2,127","1,019","6,576","$3,876",273,4.15%,$0.59,$14.20
11/25/14,Ranger Danger,"1,564","4,677","2,560","14,724","$8,764",703,4.78%,$0.60,$12.47
11/25/14,Queen Bee,147,"3,250","2,317","11,423",$801,32,0.28%,$0.07,$25.02
11/26/14,Z Force,427,"2,433","1,388","7,563","$63,834","1,470",19.44%,$8.44,$43.42
11/26/14,Ranger Danger,"1,537","4,758","3,300","15,981","$31,215","1,830",11.45%,$1.95,$17.06
11/26/14,Queen Bee,204,"3,571","3,161","12,370","$1,401",50,0.40%,$0.11,$28.01
11/27/14,Z Force,400,"2,175","1,416","7,268","$28,115",966,13.29%,$3.87,$29.10
11/27/14,Ranger Danger,"1,709","4,319","3,193","15,135","$40,632","2,000",13.21%,$2.68,$20.32
11/27/14,Queen Bee,201,"3,993","3,501","12,437","$27,521",419,3.37%,$2.21,$65.68
11/28/14,Z Force,420,"2,456","1,545","7,707","$28,282",997,12.94%,$3.67,$28.37
11/28/14,Ranger Danger,"1,780","5,133","3,494","15,942","$50,204","2,139",13.42%,$3.15,$23.47
11/28/14,Queen Bee,205,"3,730","3,348","12,246","$17,403",284,2.32%,$1.42,$61.28
11/29/14,Z Force,447,"2,507","1,607","7,693","$20,853",784,10.19%,$2.71,$26.60
11/29/14,Ranger Danger,"1,336","5,294","3,682","15,916","$23,053","1,581",9.93%,$1.45,$14.58
11/29/14,Queen Bee,180,"4,237","3,691","12,274","$13,357",265,2.16%,$1.09,$50.40
11/30/14,Z Force,392,"2,345","1,509","7,545","$16,837",734,9.73%,$2.23,$22.94
11/30/14,Ranger Danger,"1,906","5,114","3,538","16,218","$18,649","1,301",8.02%,$1.15,$14.33
11/30/14,Queen Bee,171,"4,204","3,507","12,375","$12,594",248,2.00%,$1.02,$50.78
12/1/14,Z Force,277,"1,992","1,135","6,403","$12,423",522,8.15%,$1.94,$23.80
12/1/14,Ranger Danger,"1,614","5,095","3,184","17,705","$17,093","1,094",6.18%,$0.97,$15.62
12/1/14,Queen Bee,155,"3,711","3,251","12,152","$55,729",950,7.82%,$4.59,$58.66
12/2/14,Z Force,322,"1,964","1,085","6,305","$9,509",448,7.11%,$1.51,$21.23
12/2/14,Ranger Danger,"1,497","4,587","2,951","18,958","$12,306",990,5.22%,$0.65,$12.43
12/2/14,Queen Bee,149,"3,483","3,056","12,108","$1,327",68,0.56%,$0.11,$19.51
12/3/14,Z Force,278,"1,881","1,008","6,159","$10,668",500,8.12%,$1.73,$21.34
12/3/14,Ranger Danger,"1,619","5,001","3,267","19,392","$45,080","1,575",8.12%,$2.32,$28.62
12/3/14,Queen Bee,138,"3,540","3,120","12,193","$1,849",50,0.41%,$0.15,$36.97
12/4/14,Z Force,268,"1,821","1,042","6,176","$11,695",526,8.52%,$1.89,$22.23
12/4/14,Ranger Danger,"1,732","4,877","3,056","19,820","$30,211","1,191",6.01%,$1.52,$25.37
12/4/14,Queen Bee,120,"3,029","2,322","11,759","$2,496",130,1.11%,$0.21,$19.20
12/5/14,Z Force,310,"2,125","1,167","6,705","$11,309",535,7.98%,$1.69,$21.14
12/5/14,Ranger Danger,"1,752","5,063","3,418","20,726","$26,986","1,153",5.56%,$1.30,$23.41
12/5/14,Queen Bee,124,"3,887","2,787","11,994","$2,765",101,0.84%,$0.23,$27.38
12/6/14,Z Force,403,"2,247","1,447","7,283","$12,584",605,8.31%,$1.73,$20.80
12/6/14,Ranger Danger,"1,536","8,871","4,261","22,320","$23,888","1,175",5.26%,$1.07,$20.33
12/6/14,Queen Bee,103,"5,792","5,037","12,528","$10,746",257,2.05%,$0.86,$41.81
12/7/14,Z Force,384,"2,022","1,372","6,869","$10,639",564,8.21%,$1.55,$18.86
12/7/14,Ranger Danger,"1,585","9,346","4,302","22,993","$24,021","1,149",5.00%,$1.04,$20.91
12/7/14,Queen Bee,124,"3,993","3,451","12,239","$4,134",101,0.83%,$0.34,$40.93
12/8/14,Z Force,332,"1,968","1,135","6,440","$10,998",499,7.75%,$1.71,$22.04
12/8/14,Ranger Danger,"1,732","5,498","3,516","21,566","$17,507",971,4.50%,$0.81,$18.03
12/8/14,Queen Bee,125,"3,567","3,051","11,617","$1,190",52,0.45%,$0.10,$22.88
12/9/14,Z Force,329,"2,082","1,113","6,977","$9,210",494,7.08%,$1.32,$18.64
12/9/14,Ranger Danger,"1,479","4,632","3,151","21,897","$19,113",976,4.46%,$0.87,$19.58
12/9/14,Queen Bee,118,"3,354","2,925","11,415",$993,46,0.40%,$0.09,$21.58
12/10/14,Z Force,320,"1,957","1,104","6,995","$14,072",588,8.41%,$2.01,$23.93
12/10/14,Ranger Danger,"1,329","4,660","2,779","21,825","$16,222",917,4.20%,$0.74,$17.69
12/10/14,Queen Bee,158,"3,225","2,836","11,509","$1,140",47,0.41%,$0.10,$24.25
12/11/14,Z Force,331,"2,929","1,402","8,344","$40,491","1,098",13.16%,$4.85,$36.88
12/11/14,Ranger Danger,"1,183","4,661","2,759","21,371","$16,010",851,3.98%,$0.75,$18.81
12/11/14,Queen Bee,114,"3,617","2,943","11,018","$2,823",80,0.73%,$0.26,$35.28
12/12/14,Z Force,407,"3,065","1,636","8,472","$20,811",770,9.09%,$2.46,$27.03
12/12/14,Ranger Danger,"1,572","5,240","3,183","23,250","$22,079","1,075",4.62%,$0.95,$20.54
12/12/14,Queen Bee,139,"4,179","3,633","11,848","$2,492",84,0.71%,$0.21,$29.67
12/13/14,Z Force,497,"3,042","2,048","9,100","$14,514",718,7.89%,$1.59,$20.21
12/13/14,Ranger Danger,"2,247","11,004","4,775","27,011","$20,304","1,200",4.44%,$0.75,$16.92
12/13/14,Queen Bee,158,"4,505","3,873","11,762","$2,195",80,0.68%,$0.19,$27.44
12/14/14,Z Force,476,"2,862","1,728","9,020","$10,753",638,7.07%,$1.19,$16.85
12/14/14,Ranger Danger,"2,764","11,355","4,241","28,684","$19,641","1,088",3.79%,$0.68,$18.05
12/14/14,Queen Bee,135,"4,378","3,306","11,394","$2,389",75,0.66%,$0.21,$31.85
12/15/14,Z Force,331,"2,631","1,545","7,871","$11,436",546,6.94%,$1.45,$20.95
12/15/14,Ranger Danger,"2,734","6,312","3,869","25,704","$15,303",973,3.79%,$0.60,$15.73
12/15/14,Queen Bee,165,"3,555","3,038","11,003","$1,258",47,0.43%,$0.11,$26.77
12/16/14,Z Force,355,"2,514","1,551","8,189","$9,235",518,6.33%,$1.13,$17.83
12/16/14,Ranger Danger,"2,897","6,220","4,286","26,776","$14,634",925,3.46%,$0.55,$15.82
12/16/14,Queen Bee,165,"3,875","3,354","11,082","$2,071",69,0.62%,$0.19,$30.02
12/17/14,Z Force,370,"2,471","1,478","8,193","$9,646",478,5.83%,$1.18,$20.18
12/17/14,Ranger Danger,"2,024","8,573","4,226","29,867","$112,750","3,925",13.14%,$3.78,$28.73
12/17/14,Queen Bee,180,"3,740","3,290","10,969","$1,775",57,0.52%,$0.16,$31.14
12/18/14,Z Force,349,"2,494","1,539","8,208","$10,685",519,6.32%,$1.30,$20.59
12/18/14,Ranger Danger,"3,333","9,164","6,307","32,797","$65,856","3,000",9.15%,$2.01,$21.95
12/18/14,Queen Bee,142,"3,366","2,759","10,435","$13,684",251,2.41%,$1.31,$54.52
12/19/14,Z Force,"1,106","2,713","1,648","11,238","$11,591",576,5.13%,$1.03,$20.12
12/19/14,Ranger Danger,"2,671","9,359","6,323","32,594","$51,424","2,461",7.55%,$1.58,$20.90
12/19/14,Queen Bee,126,"3,752","3,345","10,740","$8,176",176,1.64%,$0.76,$46.46
12/20/14,Z Force,855,"2,805","1,886","9,535","$10,676",586,6.15%,$1.12,$18.22
12/20/14,Ranger Danger,"2,834","13,604","7,405","33,997","$43,189","2,264",6.66%,$1.27,$19.08
12/20/14,Queen Bee,117,"4,425","3,851","10,744","$5,941",163,1.52%,$0.55,$36.44
12/21/14,Z Force,586,"3,044","1,951","9,277","$11,150",612,6.60%,$1.20,$18.22
12/21/14,Ranger Danger,"1,949","13,628","7,438","33,879","$38,270","2,180",6.44%,$1.13,$17.55
12/21/14,Queen Bee,151,"4,304","3,730","10,820","$4,884",114,1.05%,$0.45,$42.84
12/22/14,Z Force,503,"2,819","1,665","8,907","$9,415",538,6.04%,$1.06,$17.50
12/22/14,Ranger Danger,"2,960","9,242","5,637","33,241","$28,536","1,670",5.02%,$0.86,$17.09
12/22/14,Queen Bee,141,"3,674","3,084","10,399","$3,631",103,0.99%,$0.35,$35.25
12/23/14,Z Force,480,"2,795","1,642","8,745","$12,589",557,6.37%,$1.44,$22.60
12/23/14,Ranger Danger,"2,611","9,528","6,212","32,295","$39,660","2,002",6.20%,$1.23,$19.81
12/23/14,Queen Bee,163,"3,411","2,881","10,345","$5,747",147,1.42%,$0.56,$39.09
12/24/14,Z Force,440,"2,524","1,641","8,576","$45,347","1,022",11.92%,$5.29,$44.37
12/24/14,Ranger Danger,"2,166","8,571","5,663","31,028","$51,141","2,318",7.47%,$1.65,$22.06
12/24/14,Queen Bee,121,"3,675","3,138","10,276","$31,668",972,9.46%,$3.08,$32.58
12/25/14,Z Force,448,"2,500","1,641","8,420","$45,221","1,132",13.44%,$5.37,$39.95
12/25/14,Ranger Danger,"1,979","8,783","5,907","30,065","$64,129","2,733",9.09%,$2.13,$23.46
12/25/14,Queen Bee,133,"3,710","3,236","10,057","$17,399",592,5.89%,$1.73,$29.39
12/26/14,Z Force,444,"2,741","1,709","8,252","$26,334",840,10.18%,$3.19,$31.35
12/26/14,Ranger Danger,"2,335","9,284","6,038","29,527","$51,619","2,459",8.33%,$1.75,$20.99
12/26/14,Queen Bee,131,"3,743","3,269","10,429","$14,250",446,4.28%,$1.37,$31.95
12/27/14,Z Force,435,"2,683","1,839","8,255","$19,172",735,8.90%,$2.32,$26.08
12/27/14,Ranger Danger,"2,780","15,910","7,223","32,439","$41,700","2,236",6.89%,$1.29,$18.65
12/27/14,Queen Bee,127,"3,997","3,480","10,372","$1,186",56,0.54%,$0.11,$21.17
12/28/14,Z Force,434,"2,641","1,790","8,126","$17,906",731,9.00%,$2.20,$24.49
12/28/14,Ranger Danger,"2,328","16,086","7,134","31,565","$34,323","1,963",6.22%,$1.09,$17.49
12/28/14,Queen Bee,130,"3,998","3,451","10,468","$1,218",44,0.42%,$0.12,$27.68
12/29/14,Z Force,497,"2,814","1,795","8,391","$15,757",682,8.13%,$1.88,$23.10
12/29/14,Ranger Danger,"2,784","9,382","6,118","29,011","$35,932","2,006",6.92%,$1.24,$17.91
12/29/14,Queen Bee,145,"3,696","3,244","10,337","$1,712",53,0.51%,$0.17,$32.30
12/30/14,Z Force,504,"2,775","1,700","8,471","$18,202",705,8.32%,$2.15,$25.82
12/30/14,Ranger Danger,"2,472","9,380","5,989","28,018","$37,670","2,004",7.15%,$1.34,$18.80
12/30/14,Queen Bee,143,"3,636","3,274","10,193","$1,786",60,0.59%,$0.18,$29.76
12/31/14,Z Force,443,"2,474","1,694","8,043","$19,384",687,8.54%,$2.41,$28.22
12/31/14,Ranger Danger,"2,225","9,522","6,099","27,714","$38,356","1,937",6.99%,$1.38,$19.80
12/31/14,Queen Bee,106,"4,821","4,348","10,693","$20,318",448,4.19%,$1.90,$45.35
1/1/15,Z Force,477,"2,747","1,799","8,355","$8,401",535,6.40%,$1.01,$15.70
1/1/15,Ranger Danger,"2,192","9,207","6,247","27,912","$35,906","2,014",7.22%,$1.29,$17.83
1/1/15,Queen Bee,131,"5,143","4,540","11,047","$8,574",226,2.05%,$0.78,$37.94
1/2/15,Z Force,445,"2,817","1,765","8,275","$8,070",493,5.96%,$0.98,$16.37
1/2/15,Ranger Danger,"2,444","9,009","5,897","27,131","$33,808","1,961",7.23%,$1.25,$17.24
1/2/15,Queen Bee,139,"5,196","4,679","11,169","$7,795",217,1.94%,$0.70,$35.92
1/3/15,Z Force,446,"2,776","1,721","8,315","$9,214",542,6.52%,$1.11,$17.00
1/3/15,Ranger Danger,"2,444","14,054","6,292","30,026","$30,984","1,822",6.07%,$1.03,$17.01
1/3/15,Queen Bee,125,"5,456","4,588","11,315","$6,021",172,1.52%,$0.53,$35.00
1/4/15,Z Force,429,"2,640","1,690","8,056","$9,663",497,6.17%,$1.20,$19.44
1/4/15,Ranger Danger,"2,554","14,527","6,673","29,997","$27,941","1,840",6.13%,$0.93,$15.19
1/4/15,Queen Bee,143,"5,231","4,540","11,268","$4,060",122,1.08%,$0.36,$33.28
1/5/15,Z Force,343,"2,673","1,555","7,687","$10,797",524,6.82%,$1.40,$20.61
1/5/15,Ranger Danger,"2,546","8,804","5,692","27,768","$39,527","2,324",8.37%,$1.42,$17.01
1/5/15,Queen Bee,149,"3,761","3,374","10,619","$1,755",62,0.58%,$0.17,$28.31
1/6/15,Z Force,365,"2,480","1,445","7,222","$7,544",447,6.19%,$1.04,$16.88
1/6/15,Ranger Danger,"2,337","7,844","5,386","25,155","$35,090","1,976",7.86%,$1.39,$17.76
1/6/15,Queen Bee,123,"3,658","3,139","9,958","$2,208",57,0.57%,$0.22,$38.74
1/7/15,Z Force,366,"2,514","1,365","7,123","$9,082",437,6.14%,$1.28,$20.78
1/7/15,Ranger Danger,"2,478","7,825","5,228","24,653","$31,141","1,809",7.34%,$1.26,$17.21
1/7/15,Queen Bee,129,"3,469","3,053","10,039","$1,480",40,0.40%,$0.15,$36.99
1/8/15,Z Force,345,"2,427","1,441","7,104","$7,085",410,5.77%,$1.00,$17.28
1/8/15,Ranger Danger,"2,587","7,398","5,133","24,157","$37,167","1,834",7.59%,$1.54,$20.27
1/8/15,Queen Bee,93,"3,319","2,654","9,889","$21,307",450,4.55%,$2.15,$47.35
1/9/15,Z Force,426,"2,624","1,510","7,690","$9,374",431,5.61%,$1.22,$21.75
1/9/15,Ranger Danger,"2,253","7,578","5,184","24,298","$37,117","1,848",7.61%,$1.53,$20.09
1/9/15,Queen Bee,127,"3,664","3,281","10,120","$19,700",432,4.27%,$1.95,$45.60
1/10/15,Z Force,502,"2,788","1,811","8,308","$10,555",524,6.31%,$1.27,$20.14
1/10/15,Ranger Danger,"1,957","7,716","5,608","25,329","$35,306","1,815",7.17%,$1.39,$19.45
1/10/15,Queen Bee,142,"3,990","3,538","10,084","$13,938",317,3.14%,$1.38,$43.97
1/11/15,Z Force,503,"2,636","1,700","8,178","$10,473",528,6.46%,$1.28,$19.83
1/11/15,Ranger Danger,"2,829","7,388","5,451","25,517","$29,542","1,842",7.22%,$1.16,$16.04
1/11/15,Queen Bee,121,"3,999","3,370","10,194","$7,611",211,2.07%,$0.75,$36.07
1/12/15,Z Force,358,"2,414","1,378","7,087","$7,979",457,6.45%,$1.13,$17.46
1/12/15,Ranger Danger,"2,242","6,769","4,575","22,435","$26,214","1,522",6.78%,$1.17,$17.22
1/12/15,Queen Bee,127,"3,302","2,906","9,734","$6,750",186,1.91%,$0.69,$36.29
1/13/15,Z Force,371,"2,328","1,346","7,147","$9,314",440,6.16%,$1.30,$21.17
1/13/15,Ranger Danger,"2,473","6,630","4,504","21,787","$24,910","1,367",6.27%,$1.14,$18.22
1/13/15,Queen Bee,143,"3,294","2,869","9,579","$7,469",185,1.93%,$0.78,$40.37
1/14/15,Z Force,339,"2,317","1,310","6,969","$9,942",467,6.70%,$1.43,$21.29
1/14/15,Ranger Danger,"2,312","6,083","4,150","21,435","$24,103","1,307",6.10%,$1.12,$18.44
1/14/15,Queen Bee,133,"3,138","2,718","9,490","$5,889",170,1.79%,$0.62,$34.64
1/15/15,Z Force,252,"2,078","1,138","6,502","$13,048",468,7.20%,$2.01,$27.88
1/15/15,Ranger Danger,"2,034","6,484","3,540","19,872","$25,849","1,265",6.37%,$1.30,$20.43
1/15/15,Queen Bee,98,"2,612","1,976","8,967","$7,537",200,2.23%,$0.84,$37.68
1/16/15,Z Force,402,"2,388","1,346","7,094","$9,058",462,6.51%,$1.28,$19.61
1/16/15,Ranger Danger,"1,995","6,671","4,379","21,359","$30,074","1,579",7.39%,$1.41,$19.05
1/16/15,Queen Bee,130,"3,053","2,723","9,409","$7,463",192,2.04%,$0.79,$38.87
1/17/15,Z Force,452,"2,528","1,642","7,766","$11,466",547,7.04%,$1.48,$20.96
1/17/15,Ranger Danger,"2,010","7,003","5,041","22,527","$28,631","1,623",7.21%,$1.27,$17.64
1/17/15,Queen Bee,119,"3,518","3,068","9,477","$6,904",169,1.78%,$0.73,$40.85
1/18/15,Z Force,522,"2,564","1,624","7,893","$10,395",508,6.44%,$1.32,$20.46
1/18/15,Ranger Danger,"2,186","7,264","5,042","23,198","$26,451","1,574",6.79%,$1.14,$16.81
1/18/15,Queen Bee,127,"3,564","3,010","9,561","$5,378",141,1.48%,$0.56,$38.14
1/19/15,Z Force,456,"2,404","1,498","7,485","$8,294",510,6.81%,$1.11,$16.26
1/19/15,Ranger Danger,"2,228","6,858","4,673","22,007","$25,411","1,512",6.87%,$1.15,$16.81
1/19/15,Queen Bee,93,"3,149","2,716","9,372","$4,440",132,1.41%,$0.47,$33.64
1/20/15,Z Force,294,"2,157","1,200","6,399","$7,216",397,6.20%,$1.13,$18.18
1/20/15,Ranger Danger,"2,125","6,505","4,123","20,109","$20,380","1,287",6.40%,$1.01,$15.84
1/20/15,Queen Bee,112,"3,013","2,654","9,199","$4,832",138,1.50%,$0.53,$35.01
1/21/15,Z Force,276,"2,096","1,156","6,273","$6,688",397,6.33%,$1.07,$16.85
1/21/15,Ranger Danger,"1,724","6,631","3,425","19,568","$29,901","1,511",7.72%,$1.53,$19.79
1/21/15,Queen Bee,96,"3,101","2,703","9,426","$4,629",129,1.37%,$0.49,$35.89
1/22/15,Z Force,251,"2,044","1,091","6,212","$6,745",390,6.28%,$1.09,$17.29
1/22/15,Ranger Danger,"5,339","7,449","4,795","26,748","$26,537","1,551",5.80%,$0.99,$17.11
1/22/15,Queen Bee,117,"3,549","2,751","10,373","$6,675",180,1.74%,$0.64,$37.09
1/23/15,Z Force,388,"2,363","1,322","6,882","$8,211",497,7.22%,$1.19,$16.52
1/23/15,Ranger Danger,"6,652","8,221","5,285","31,203","$26,854","1,630",5.22%,$0.86,$16.47
1/23/15,Queen Bee,151,"3,875","3,481","11,099","$5,358",166,1.50%,$0.48,$32.28
1/24/15,Z Force,513,"2,479","1,591","7,749","$8,038",489,6.31%,$1.04,$16.44
1/24/15,Ranger Danger,"6,729","8,710","6,194","33,956","$27,100","1,747",5.15%,$0.80,$15.51
1/24/15,Queen Bee,143,"4,345","3,762","11,049","$3,080",110,1.00%,$0.28,$28.00
1/25/15,Z Force,425,"2,317","1,484","7,341","$6,901",511,6.96%,$0.94,$13.51
1/25/15,Ranger Danger,"5,082","8,545","6,037","32,015","$26,270","1,727",5.39%,$0.82,$15.21
1/25/15,Queen Bee,134,"4,397","3,707","11,039","$2,727",111,1.01%,$0.25,$24.56
1/26/15,Z Force,351,"2,213","1,236","6,622","$5,909",371,5.60%,$0.89,$15.93
1/26/15,Ranger Danger,"3,816","8,346","5,323","27,542","$19,797","1,466",5.32%,$0.72,$13.50
1/26/15,Queen Bee,142,"3,966","3,410","10,601","$2,722",92,0.87%,$0.26,$29.59
1/27/15,Z Force,333,"2,289","1,230","7,743","$6,672",409,5.28%,$0.86,$16.31
1/27/15,Ranger Danger,"3,062","7,696","5,139","25,634","$20,567","1,412",5.51%,$0.80,$14.57
1/27/15,Queen Bee,146,"3,861","3,328","10,498","$3,423",108,1.03%,$0.33,$31.69
1/28/15,Z Force,362,"2,028","1,175","6,827","$6,652",370,5.42%,$0.97,$17.98
1/28/15,Ranger Danger,"2,621","7,098","4,481","23,426","$16,737","1,206",5.15%,$0.71,$13.88
1/28/15,Queen Bee,145,"3,797","3,293","10,454","$2,342",75,0.72%,$0.22,$31.23
1/29/15,Z Force,511,"3,509","1,647","8,832","$34,103","1,294",14.65%,$3.86,$26.35
1/29/15,Ranger Danger,"2,501","7,923","4,188","23,216","$18,075","1,219",5.25%,$0.78,$14.83
1/29/15,Queen Bee,106,"3,201","2,658","9,999","$29,151",532,5.32%,$2.92,$54.79
1/30/15,Z Force,433,"3,534","2,088","9,848","$28,036","1,289",13.09%,$2.85,$21.75
1/30/15,Ranger Danger,"2,676","8,723","5,268","24,734","$22,279","1,488",6.02%,$0.90,$14.97
1/30/15,Queen Bee,120,"3,708","3,336","10,239","$31,043",595,5.81%,$3.03,$52.17
1/31/15,Z Force,602,"3,563","2,371","10,341","$21,149","1,193",11.54%,$2.05,$17.73
1/31/15,Ranger Danger,"2,242","10,891","6,385","25,961","$22,201","1,587",6.11%,$0.86,$13.99
1/31/15,Queen Bee,135,"4,186","3,653","10,282","$10,742",254,2.47%,$1.04,$42.29
2/1/15,Z Force,505,"3,231","2,185","9,877","$18,443","1,015",10.28%,$1.87,$18.17
2/1/15,Ranger Danger,"2,937","11,154","6,359","26,190","$21,072","1,523",5.82%,$0.80,$13.84
2/1/15,Queen Bee,141,"4,228","3,541","10,319","$10,433",263,2.55%,$1.01,$39.67
2/2/15,Z Force,395,"2,942","1,745","8,687","$13,881",798,9.19%,$1.60,$17.39
2/2/15,Ranger Danger,"2,671","10,602","5,914","24,138","$19,158","1,366",5.66%,$0.79,$14.02
2/2/15,Queen Bee,109,"3,710","3,221","10,041","$2,571",67,0.67%,$0.26,$38.37
2/3/15,Z Force,307,"2,749","1,568","8,605","$15,451",736,8.55%,$1.80,$20.99
2/3/15,Ranger Danger,"2,725","9,787","5,429","23,050","$18,030","1,244",5.40%,$0.78,$14.49
2/3/15,Queen Bee,116,"3,595","3,118","9,956","$1,535",57,0.57%,$0.15,$26.93
2/4/15,Z Force,302,"2,707","1,469","8,207","$14,137",700,8.53%,$1.72,$20.20
2/4/15,Ranger Danger,"2,811","9,781","5,532","23,317","$32,278","2,156",9.25%,$1.38,$14.97
2/4/15,Queen Bee,122,"3,538","3,090","10,066","$2,295",65,0.65%,$0.23,$35.31
2/5/15,Z Force,348,"2,662","1,490","8,735","$15,626",737,8.44%,$1.79,$21.20
2/5/15,Ranger Danger,"2,361","8,925","5,160","22,781","$22,499","1,528",6.71%,$0.99,$14.72
2/5/15,Queen Bee,137,"3,436","2,915","10,228","$5,336",108,1.06%,$0.52,$49.41
2/6/15,Z Force,335,"2,968","1,688","8,852","$17,365",781,8.82%,$1.96,$22.23
2/6/15,Ranger Danger,"2,271","10,038","5,599","22,903","$22,751","1,497",6.54%,$0.99,$15.20
2/6/15,Queen Bee,126,"3,713","3,211","10,164","$3,775",119,1.17%,$0.37,$31.72
2/7/15,Z Force,497,"3,114","2,043","9,328","$16,161",835,8.95%,$1.73,$19.35
2/7/15,Ranger Danger,"2,634","10,846","6,847","24,947","$23,978","2,183",8.75%,$0.96,$10.98
2/7/15,Queen Bee,141,"5,587","4,839","10,992","$22,618",326,2.97%,$2.06,$69.38
2/8/15,Z Force,503,"2,914","1,902","9,030","$15,742",774,8.57%,$1.74,$20.34
2/8/15,Ranger Danger,"2,956","10,530","6,853","24,616","$21,385","1,845",7.50%,$0.87,$11.59
2/8/15,Queen Bee,129,"4,116","3,502","10,321","$1,789",64,0.62%,$0.17,$27.95
2/9/15,Z Force,335,"2,629","1,508","7,753","$11,763",648,8.36%,$1.52,$18.15
2/9/15,Ranger Danger,"2,613","9,948","5,575","22,250","$16,168","1,207",5.43%,$0.73,$13.39
2/9/15,Queen Bee,114,"3,507","3,073","9,767","$2,071",62,0.64%,$0.21,$33.40
2/10/15,Z Force,344,"2,424","1,404","8,307","$12,981",607,7.31%,$1.56,$21.39
2/10/15,Ranger Danger,"2,837","9,163","5,317","21,655","$14,885","1,126",5.20%,$0.69,$13.22
2/10/15,Queen Bee,118,"3,460","2,991","9,762","$2,045",54,0.55%,$0.21,$37.87
2/11/15,Z Force,303,"2,400","1,319","7,579","$11,860",530,6.99%,$1.56,$22.38
2/11/15,Ranger Danger,"2,474","8,928","5,002","20,693","$15,419","1,074",5.19%,$0.75,$14.36
2/11/15,Queen Bee,116,"3,407","2,830","9,631","$1,885",60,0.62%,$0.20,$31.42
2/12/15,Z Force,297,"2,391","1,314","8,226","$9,371",521,6.33%,$1.14,$17.99
2/12/15,Ranger Danger,"2,376","8,844","4,782","20,416","$15,431","1,030",5.05%,$0.76,$14.98
2/12/15,Queen Bee,104,"2,823","2,396","9,090","$2,678",81,0.89%,$0.29,$33.06
2/13/15,Z Force,363,"2,702","1,541","8,379","$18,370",786,9.38%,$2.19,$23.37
2/13/15,Ranger Danger,"2,152","7,916","5,066","20,812","$17,193","1,210",5.81%,$0.83,$14.21
2/13/15,Queen Bee,128,"3,483","3,059","9,655","$3,837",105,1.09%,$0.40,$36.54
2/14/15,Z Force,464,"2,720","1,792","8,512","$19,697",911,10.70%,$2.31,$21.62
2/14/15,Ranger Danger,"3,021","9,893","6,566","22,942","$22,328","1,948",8.49%,$0.97,$11.46
2/14/15,Queen Bee,140,"3,443","2,805","9,213","$3,617",110,1.19%,$0.39,$32.88
2/15/15,Z Force,432,"2,803","1,820","8,471","$19,651",897,10.59%,$2.32,$21.91
2/15/15,Ranger Danger,"2,742","10,118","6,654","22,660","$19,847","1,651",7.29%,$0.88,$12.02
2/15/15,Queen Bee,153,"3,773","3,227","9,385","$2,232",85,0.91%,$0.24,$26.26
2/16/15,Z Force,375,"2,594","1,657","8,027","$9,509",619,7.71%,$1.18,$15.36
2/16/15,Ranger Danger,"2,949","9,394","5,756","21,843","$15,968","1,165",5.33%,$0.73,$13.71
2/16/15,Queen Bee,203,"3,434","2,996","9,171","$5,860",147,1.60%,$0.64,$39.87
2/17/15,Z Force,375,"2,360","1,419","7,359","$9,813",531,7.22%,$1.33,$18.48
2/17/15,Ranger Danger,"2,765","8,033","5,303","20,427","$12,932","1,032",5.05%,$0.63,$12.53
2/17/15,Queen Bee,162,"3,277","2,785","9,104","$1,573",52,0.57%,$0.17,$30.25
2/18/15,Z Force,336,"2,275","1,246","7,038","$8,931",450,6.39%,$1.27,$19.85
2/18/15,Ranger Danger,"2,610","8,134","4,903","19,112","$11,777",919,4.81%,$0.62,$12.81
2/18/15,Queen Bee,125,"3,111","2,700","8,759","$2,120",51,0.58%,$0.24,$41.58
2/19/15,Z Force,360,"2,317","1,329","7,189","$10,273",495,6.89%,$1.43,$20.75
2/19/15,Ranger Danger,"2,549","7,884","4,609","19,574","$13,552",985,5.03%,$0.69,$13.76
2/19/15,Queen Bee,123,"2,953","2,619","8,591","$1,866",52,0.61%,$0.22,$35.88
2/20/15,Z Force,349,"2,681","1,508","7,988","$9,548",571,7.15%,$1.20,$16.72
2/20/15,Ranger Danger,"2,438","8,385","5,227","20,391","$14,528","1,040",5.10%,$0.71,$13.97
2/20/15,Queen Bee,131,"3,119","2,774","8,606","$1,931",63,0.73%,$0.22,$30.66
2/21/15,Z Force,449,"2,730","1,753","8,333","$12,867",635,7.62%,$1.54,$20.26
2/21/15,Ranger Danger,"2,256","8,875","5,826","21,440","$14,865","1,395",6.51%,$0.69,$10.66
2/21/15,Queen Bee,166,"3,636","3,104","8,884","$2,359",73,0.82%,$0.27,$32.31
2/22/15,Z Force,454,"2,455","1,612","7,683","$12,600",582,7.58%,$1.64,$21.65
2/22/15,Ranger Danger,"3,291","8,641","5,579","21,420","$14,282","1,242",5.80%,$0.67,$11.50
2/22/15,Queen Bee,143,"3,643","3,078","9,080","$2,211",69,0.76%,$0.24,$32.04
2/23/15,Z Force,351,"2,254","1,259","6,714","$8,906",487,7.25%,$1.33,$18.29
2/23/15,Ranger Danger,"2,607","8,037","5,007","19,290","$12,265",953,4.94%,$0.64,$12.87
2/23/15,Queen Bee,112,"3,070","2,665","8,548","$1,880",57,0.67%,$0.22,$32.99
2/24/15,Z Force,348,"2,165","1,220","6,587","$7,963",480,7.29%,$1.21,$16.59
2/24/15,Ranger Danger,"2,564","8,218","4,930","18,426","$12,346",920,4.99%,$0.67,$13.42
2/24/15,Queen Bee,121,"2,932","2,567","8,595","$18,002",430,5.00%,$2.09,$41.87
2/25/15,Z Force,328,"2,059","1,152","6,472","$9,782",480,7.42%,$1.51,$20.38
2/25/15,Ranger Danger,"3,154","6,506","4,697","18,320","$11,882",889,4.85%,$0.65,$13.37
2/25/15,Queen Bee,134,"2,888","2,532","8,817","$14,765",387,4.39%,$1.67,$38.15
2/26/15,Z Force,260,"2,310","1,212","6,801","$40,036","1,029",15.13%,$5.89,$38.91
2/26/15,Ranger Danger,829,"4,607","2,725","16,075","$18,913","1,139",7.09%,$1.18,$16.60
2/26/15,Queen Bee,105,"2,687","2,135","8,868","$10,883",317,3.58%,$1.23,$34.33
2/27/15,Z Force,340,"2,643","1,425","7,679","$22,227",827,10.77%,$2.89,$26.88
2/27/15,Ranger Danger,"2,561","6,037","3,540","17,277","$20,533","1,254",7.26%,$1.19,$16.37
2/27/15,Queen Bee,126,"2,982","2,681","8,948","$14,206",366,4.09%,$1.59,$38.81
2/28/15,Z Force,469,"2,777","1,792","8,281","$17,295",854,10.31%,$2.09,$20.25
2/28/15,Ranger Danger,"2,507","6,979","5,227","20,376","$23,168","1,486",7.29%,$1.14,$15.59
2/28/15,Queen Bee,122,"3,405","2,931","9,111","$15,060",417,4.58%,$1.65,$36.12
3/1/15,Z Force,403,"2,540","1,664","7,651","$13,214",690,9.02%,$1.73,$19.15
3/1/15,Ranger Danger,"2,880","6,904","5,118","20,407","$19,108","1,357",6.65%,$0.94,$14.08
3/1/15,Queen Bee,111,"3,314","2,817","9,003","$1,401",49,0.54%,$0.16,$28.59
3/2/15,Z Force,318,"2,130","1,239","6,519","$10,648",542,8.31%,$1.63,$19.65
3/2/15,Ranger Danger,"2,855","6,280","4,472","18,569","$14,598","1,035",5.57%,$0.79,$14.10
3/2/15,Queen Bee,104,"2,879","2,526","8,442",$986,42,0.50%,$0.12,$23.48
3/3/15,Z Force,259,"2,070","1,186","6,333","$11,077",524,8.27%,$1.75,$21.14
3/3/15,Ranger Danger,"2,509","5,995","4,424","18,009","$13,608",997,5.54%,$0.76,$13.65
3/3/15,Queen Bee,118,"2,873","2,519","8,584","$1,908",67,0.78%,$0.22,$28.48
3/4/15,Z Force,300,"2,154","1,144","6,479","$8,700",479,7.39%,$1.34,$18.16
3/4/15,Ranger Danger,"2,321","4,947","2,974","18,550","$11,388",891,4.80%,$0.61,$12.78
3/4/15,Queen Bee,102,"2,821","2,495","8,780","$1,149",43,0.49%,$0.13,$26.72
3/5/15,Z Force,327,"2,195","1,269","6,698","$12,416",523,7.81%,$1.85,$23.74
3/5/15,Ranger Danger,"3,055","6,359","4,178","19,434","$12,977","1,010",5.20%,$0.67,$12.85
3/5/15,Queen Bee,121,"2,714","2,432","8,507","$1,415",54,0.64%,$0.17,$26.20
3/6/15,Z Force,339,"2,488","1,397","7,156","$10,375",584,8.16%,$1.45,$17.76
3/6/15,Ranger Danger,"2,645","5,417","3,991","19,403","$13,388","1,026",5.29%,$0.69,$13.05
3/6/15,Queen Bee,100,"3,725","2,487","9,631","$6,523",380,3.95%,$0.68,$17.17
3/7/15,Z Force,444,"2,616","1,637","7,697","$14,199",714,9.28%,$1.84,$19.89
3/7/15,Ranger Danger,"3,503","7,254","5,506","21,028","$19,417","1,289",6.13%,$0.92,$15.06
3/7/15,Queen Bee,146,"5,118","4,421","10,783","$21,998",493,4.57%,$2.04,$44.62
3/8/15,Z Force,374,"2,284","1,492","7,042","$10,298",567,8.05%,$1.46,$18.16
3/8/15,Ranger Danger,"3,447","6,932","5,034","20,699","$15,616","1,143",5.52%,$0.75,$13.66
3/8/15,Queen Bee,149,"3,532","2,782","9,830","$5,300",178,1.81%,$0.54,$29.78
3/9/15,Z Force,326,"2,014","1,159","6,102","$9,641",504,8.26%,$1.58,$19.13
3/9/15,Ranger Danger,"3,790","6,878","4,595","19,727","$10,382",859,4.35%,$0.53,$12.09
3/9/15,Queen Bee,149,"3,243","2,773","9,740","$2,545",108,1.11%,$0.26,$23.57
3/10/15,Z Force,252,"1,942","1,088","6,025","$10,382",485,8.05%,$1.72,$21.41
3/10/15,Ranger Danger,"3,664","6,367","4,628","19,427","$11,750",891,4.59%,$0.60,$13.19
3/10/15,Queen Bee,99,"2,908","2,514","9,568","$1,898",89,0.93%,$0.20,$21.33
3/11/15,Z Force,286,"1,920","1,088","5,982","$8,819",476,7.96%,$1.47,$18.53
3/11/15,Ranger Danger,"3,301","6,084","4,506","18,644","$11,835",887,4.76%,$0.63,$13.34
3/11/15,Queen Bee,121,"3,035","2,598","9,734","$1,379",92,0.95%,$0.14,$14.99
3/12/15,Z Force,247,"1,847","1,082","5,631","$9,423",404,7.18%,$1.67,$23.32
3/12/15,Ranger Danger,"2,570","6,216","3,732","17,084","$13,944","1,152",6.74%,$0.82,$12.10
3/12/15,Queen Bee,117,"2,756","2,325","9,300","$5,137",125,1.34%,$0.55,$41.09
3/13/15,Z Force,315,"2,282","1,276","6,634","$10,860",512,7.72%,$1.64,$21.21
3/13/15,Ranger Danger,"3,812","6,758","4,324","19,367","$17,612","1,152",5.95%,$0.91,$15.29
3/13/15,Queen Bee,156,"3,086","2,763","9,920","$6,769",125,1.26%,$0.68,$54.15
3/14/15,Z Force,433,"2,360","1,504","7,366","$12,131",849,11.53%,$1.65,$14.29
3/14/15,Ranger Danger,"3,682","7,093","5,154","21,204","$15,244","1,158",5.46%,$0.72,$13.16
3/14/15,Queen Bee,151,"3,322","2,947","9,915","$5,447",168,1.69%,$0.55,$32.42
3/15/15,Z Force,405,"2,114","1,381","6,885","$8,913",548,7.96%,$1.29,$16.26
3/15/15,Ranger Danger,"4,164","6,703","4,910","21,657","$13,871","1,092",5.04%,$0.64,$12.70
3/15/15,Queen Bee,167,"3,533","2,962","9,744","$6,805",234,2.40%,$0.70,$29.08
3/16/15,Z Force,279,"1,952","1,119","5,954","$8,036",448,7.52%,$1.35,$17.94
3/16/15,Ranger Danger,"4,211","7,218","4,878","20,558","$11,344",868,4.22%,$0.55,$13.07
3/16/15,Queen Bee,154,"2,984","2,619","9,459","$1,493",70,0.74%,$0.16,$21.33
3/17/15,Z Force,306,"1,884","1,081","5,990","$7,453",440,7.35%,$1.24,$16.94
3/17/15,Ranger Danger,"4,120","6,451","4,778","20,144","$11,559",829,4.12%,$0.57,$13.94
3/17/15,Queen Bee,120,"2,956","2,595","9,463","$1,367",72,0.76%,$0.14,$18.99
3/18/15,Z Force,279,"1,935","1,036","6,062","$8,734",427,7.04%,$1.44,$20.45
3/18/15,Ranger Danger,"3,835","6,443","4,559","19,379","$11,138",819,4.23%,$0.57,$13.60
3/18/15,Queen Bee,124,"2,865","2,527","9,360","$3,257",78,0.83%,$0.35,$41.76
3/19/15,Z Force,289,"1,855","1,080","5,896","$10,159",480,8.14%,$1.72,$21.17
3/19/15,Ranger Danger,"4,023","6,407","4,923","19,811","$12,963",836,4.22%,$0.65,$15.51
3/19/15,Queen Bee,140,"2,866","2,514","9,373","$18,068",235,2.51%,$1.93,$76.88
3/20/15,Z Force,324,"2,176","1,245","6,476","$11,423",526,8.12%,$1.76,$21.72
3/20/15,Ranger Danger,"4,296","7,105","5,265","20,905","$13,174",866,4.14%,$0.63,$15.21
3/20/15,Queen Bee,146,"3,014","2,643","9,441","$14,395",209,2.21%,$1.52,$68.88
3/21/15,Z Force,415,"2,200","1,431","6,893","$10,194",542,7.86%,$1.48,$18.81
3/21/15,Ranger Danger,"3,767","7,007","5,652","21,453","$13,071",936,4.36%,$0.61,$13.96
3/21/15,Queen Bee,162,"3,422","2,932","9,514","$8,326",170,1.79%,$0.88,$48.98
3/22/15,Z Force,371,"2,005","1,308","6,352","$9,736",470,7.40%,$1.53,$20.72
3/22/15,Ranger Danger,"3,961","7,057","5,638","21,031","$12,190",935,4.45%,$0.58,$13.04
3/22/15,Queen Bee,205,"3,414","2,889","9,396","$7,885",145,1.54%,$0.84,$54.38
3/23/15,Z Force,263,"1,833","1,014","6,094","$8,566",414,6.79%,$1.41,$20.69
3/23/15,Ranger Danger,"4,332","6,964","4,973","19,822","$10,757",759,3.83%,$0.54,$14.17
3/23/15,Queen Bee,122,"2,886","2,529","9,134","$4,886",126,1.38%,$0.53,$38.78
3/24/15,Z Force,261,"1,726",979,"5,638","$7,104",375,6.65%,$1.26,$18.94
3/24/15,Ranger Danger,"4,672","6,412","4,945","20,042","$10,824",759,3.79%,$0.54,$14.26
3/24/15,Queen Bee,114,"2,915","2,566","9,176","$4,805",98,1.07%,$0.52,$49.03
3/25/15,Z Force,281,"1,742",970,"5,346","$7,831",362,6.77%,$1.46,$21.63
3/25/15,Ranger Danger,"4,044","6,367","4,598","19,394","$9,783",747,3.85%,$0.50,$13.10
3/25/15,Queen Bee,107,"2,801","2,459","9,221","$5,310",116,1.26%,$0.58,$45.77
3/26/15,Z Force,288,"1,960","1,067","5,873","$56,958",978,16.65%,$9.70,$58.24
3/26/15,Ranger Danger,"1,830","4,407","2,449","14,739","$13,028",721,4.89%,$0.88,$18.07
3/26/15,Queen Bee,103,"2,769","1,776","8,575","$29,533",391,4.56%,$3.44,$75.53
3/27/15,Z Force,361,"2,135","1,226","6,409","$29,287",722,11.27%,$4.57,$40.56
3/27/15,Ranger Danger,"2,081","4,964","3,469","16,287","$15,910",988,6.07%,$0.98,$16.10
3/27/15,Queen Bee,131,"3,242","2,884","9,457","$26,048",372,3.93%,$2.75,$70.02
3/28/15,Z Force,436,"2,132","1,407","6,801","$20,090",669,9.84%,$2.95,$30.03
3/28/15,Ranger Danger,"3,029","5,110","3,825","17,653","$13,808",976,5.53%,$0.78,$14.15
3/28/15,Queen Bee,140,"3,687","3,220","9,514","$14,838",251,2.64%,$1.56,$59.12
3/29/15,Z Force,415,"1,977","1,309","6,512","$15,815",560,8.60%,$2.43,$28.24
3/29/15,Ranger Danger,"2,429","5,249","3,883","17,581","$12,214",938,5.34%,$0.69,$13.02
3/29/15,Queen Bee,145,"3,867","3,198","9,604","$11,503",199,2.07%,$1.20,$57.80
3/30/15,Z Force,321,"1,936","1,086","5,898","$15,642",561,9.51%,$2.65,$27.88
3/30/15,Ranger Danger,"3,129","5,680","3,790","17,199","$11,123",794,4.62%,$0.65,$14.01
3/30/15,Queen Bee,102,"3,281","2,829","9,446","$10,054",182,1.93%,$1.06,$55.24
3/31/15,Z Force,300,"1,789","1,046","5,669","$10,962",417,7.36%,$1.93,$26.29
3/31/15,Ranger Danger,"3,720","5,994","4,006","18,058","$11,364",756,4.19%,$0.63,$15.03
3/31/15,Queen Bee,139,"3,296","2,815","9,289","$1,664",53,0.57%,$0.18,$31.40
4/1/15,Z Force,279,"1,720","1,000","5,519","$11,821",437,7.92%,$2.14,$27.05
4/1/15,Ranger Danger,"4,030","6,975","4,140","20,051","$12,458",830,4.14%,$0.62,$15.01
4/1/15,Queen Bee,141,"3,215","2,812","9,261","$1,735",55,0.59%,$0.19,$31.54
4/2/15,Z Force,293,"1,871","1,013","5,890","$9,323",458,7.78%,$1.58,$20.36
4/2/15,Ranger Danger,"4,254","7,059","5,020","20,922","$12,090",873,4.17%,$0.58,$13.85
4/2/15,Queen Bee,108,"2,898","2,467","9,086","$1,588",54,0.59%,$0.17,$29.40
4/3/15,Z Force,379,"1,988","1,267","6,438","$36,819",814,12.64%,$5.72,$45.23
4/3/15,Ranger Danger,"4,426","7,389","5,322","22,143","$13,389",978,4.42%,$0.60,$13.69
4/3/15,Queen Bee,155,"3,519","3,051","9,507","$1,858",68,0.72%,$0.20,$27.32
4/4/15,Z Force,377,"1,973","1,300","6,507","$23,322",703,10.80%,$3.58,$33.18
4/4/15,Ranger Danger,"5,128","7,541","5,653","22,218","$11,411",950,4.28%,$0.51,$12.01
4/4/15,Queen Bee,234,"5,086","4,413","10,221","$25,577",515,5.04%,$2.50,$49.66
4/5/15,Z Force,321,"2,005","1,278","6,407","$26,342",735,11.47%,$4.11,$35.84
4/5/15,Ranger Danger,"4,980","7,094","5,295","22,678","$13,695","1,028",4.53%,$0.60,$13.32
4/5/15,Queen Bee,118,"3,769","3,245","9,471","$1,606",59,0.62%,$0.17,$27.21
4/6/15,Z Force,318,"1,835","1,096","5,916","$13,590",550,9.30%,$2.30,$24.71
4/6/15,Ranger Danger,"4,907","7,536","5,633","22,212","$9,470",830,3.74%,$0.43,$11.41
4/6/15,Queen Bee,111,"3,291","2,861","9,135","$1,024",43,0.47%,$0.11,$23.81
4/7/15,Z Force,276,"1,762","1,027","5,589","$8,650",434,7.77%,$1.55,$19.93
4/7/15,Ranger Danger,"4,944","7,049","5,238","22,467","$10,286",842,3.75%,$0.46,$12.22
4/7/15,Queen Bee,109,"3,182","2,755","9,107","$1,210",48,0.53%,$0.13,$25.22
4/8/15,Z Force,285,"1,757",997,"5,419","$10,347",439,8.10%,$1.91,$23.57
4/8/15,Ranger Danger,"5,466","7,419","5,547","22,442","$10,117",849,3.78%,$0.45,$11.92
4/8/15,Queen Bee,135,"3,185","2,794","9,113",$871,37,0.41%,$0.10,$23.54
4/9/15,Z Force,294,"1,739","1,010","5,456","$8,449",374,6.86%,$1.55,$22.59
4/9/15,Ranger Danger,"4,721","6,625","4,146","20,950","$9,151",716,3.42%,$0.44,$12.78
4/9/15,Queen Bee,127,"2,689","2,108","8,751","$1,651",49,0.56%,$0.19,$33.69
4/10/15,Z Force,341,"1,995","1,109","6,491","$13,183",491,7.56%,$2.03,$26.85
4/10/15,Ranger Danger,"4,699","7,289","5,693","22,280","$11,988",980,4.40%,$0.54,$12.23
4/10/15,Queen Bee,121,"3,165","2,797","9,048","$8,529",210,2.32%,$0.94,$40.62
4/11/15,Z Force,411,"1,959","1,268","6,575","$10,538",478,7.27%,$1.60,$22.05
4/11/15,Ranger Danger,"5,154","7,812","6,001","23,502","$11,762","1,059",4.51%,$0.50,$11.11
4/11/15,Queen Bee,124,"4,652","4,103","9,676","$8,056",207,2.14%,$0.83,$38.92
4/12/15,Z Force,351,"1,781","1,178","5,930","$8,279",447,7.54%,$1.40,$18.52
4/12/15,Ranger Danger,"5,380","7,708","6,162","23,751","$11,421","1,007",4.24%,$0.48,$11.34
4/12/15,Queen Bee,157,"3,717","3,224","9,404","$5,791",168,1.79%,$0.62,$34.47
4/13/15,Z Force,237,"1,667",929,"5,181","$8,795",414,7.99%,$1.70,$21.24
4/13/15,Ranger Danger,"4,952","7,446","5,594","21,559","$8,278",738,3.42%,$0.38,$11.22
4/13/15,Queen Bee,100,"3,156","2,779","8,902","$4,339",110,1.24%,$0.49,$39.44
4/14/15,Z Force,247,"1,627",883,"4,969","$8,755",384,7.73%,$1.76,$22.80
4/14/15,Ranger Danger,"4,603","6,210","4,982","20,722","$8,045",703,3.39%,$0.39,$11.44
4/14/15,Queen Bee,120,"3,013","2,678","8,884",$868,35,0.39%,$0.10,$24.79
4/15/15,Z Force,257,"1,512",828,"4,879","$5,714",301,6.17%,$1.17,$18.98
4/15/15,Ranger Danger,"5,001","7,005","5,202","20,340","$9,546",695,3.42%,$0.47,$13.74
4/15/15,Queen Bee,76,"2,951","2,617","8,894",$591,32,0.36%,$0.07,$18.48
4/16/15,Z Force,246,"1,536",885,"4,726","$6,022",308,6.52%,$1.27,$19.55
4/16/15,Ranger Danger,"4,471","5,997","4,245","19,702","$7,871",618,3.14%,$0.40,$12.74
4/16/15,Queen Bee,65,"2,333","1,671","8,304","$10,498",144,1.73%,$1.26,$72.90
4/17/15,Z Force,314,"1,724",957,"5,346","$10,372",371,6.94%,$1.94,$27.96
4/17/15,Ranger Danger,"4,833","7,346","5,504","21,488","$10,719",919,4.28%,$0.50,$11.66
4/17/15,Queen Bee,123,"2,724","1,880","8,722","$11,703",168,1.93%,$1.34,$69.66
4/18/15,Z Force,354,"1,793","1,169","5,755","$8,593",409,7.11%,$1.49,$21.01
4/18/15,Ranger Danger,"4,992","7,450","6,181","22,353","$10,502",985,4.41%,$0.47,$10.66
4/18/15,Queen Bee,115,"2,972","2,260","8,939","$7,941",141,1.58%,$0.89,$56.32
4/19/15,Z Force,366,"1,630","1,105","5,583","$7,439",411,7.36%,$1.33,$18.10
4/19/15,Ranger Danger,"3,825","7,623","6,202","21,383","$11,632",966,4.52%,$0.54,$12.04
4/19/15,Queen Bee,95,"3,270","2,728","9,019","$6,345",119,1.32%,$0.70,$53.32
4/20/15,Z Force,231,"1,573",874,"4,769","$7,389",370,7.76%,$1.55,$19.97
4/20/15,Ranger Danger,"5,089","6,008","4,742","20,643","$7,991",714,3.46%,$0.39,$11.19
4/20/15,Queen Bee,78,"2,867","2,424","8,819","$3,961",70,0.79%,$0.45,$56.59
4/21/15,Z Force,236,"1,565",881,"4,890","$6,989",335,6.85%,$1.43,$20.86
4/21/15,Ranger Danger,"4,912","6,648","4,906","20,377","$7,701",697,3.42%,$0.38,$11.05
4/21/15,Queen Bee,96,"2,837","2,416","8,890","$3,109",63,0.71%,$0.35,$49.34
4/22/15,Z Force,244,"1,505",857,"4,808","$7,269",302,6.28%,$1.51,$24.07
4/22/15,Ranger Danger,"4,768","6,139","4,941","20,687","$6,887",642,3.10%,$0.33,$10.73
4/22/15,Queen Bee,105,"2,863","2,460","8,968","$2,279",62,0.69%,$0.25,$36.75
4/23/15,Z Force,170,"1,302",656,"4,017","$9,295",315,7.84%,$2.31,$29.51
4/23/15,Ranger Danger,"2,694","6,011","3,829","18,143","$12,265",828,4.56%,$0.68,$14.81
4/23/15,Queen Bee,98,"2,693","2,393","8,729","$4,120",68,0.78%,$0.47,$60.59
4/24/15,Z Force,294,"1,963","1,094","5,762","$35,436",845,14.67%,$6.15,$41.94
4/24/15,Ranger Danger,"4,561","6,755","5,024","21,336","$14,492","1,017",4.77%,$0.68,$14.25
4/24/15,Queen Bee,105,"2,822","2,508","8,710","$6,491",109,1.25%,$0.75,$59.55
4/25/15,Z Force,422,"1,924","1,252","6,057","$15,389",572,9.44%,$2.54,$26.90
4/25/15,Ranger Danger,"4,372","7,906","6,133","22,970","$14,171","1,144",4.98%,$0.62,$12.39
4/25/15,Queen Bee,118,"3,156","2,754","8,943","$7,560",109,1.22%,$0.85,$69.36
4/26/15,Z Force,409,"1,787","1,205","5,864","$11,906",483,8.24%,$2.03,$24.65
4/26/15,Ranger Danger,"3,980","8,353","6,380","22,099","$14,989","1,116",5.05%,$0.68,$13.43
4/26/15,Queen Bee,109,"3,209","2,679","8,855","$3,948",90,1.02%,$0.45,$43.86
4/27/15,Z Force,278,"1,590",909,"5,078","$12,062",440,8.67%,$2.38,$27.41
4/27/15,Ranger Danger,"4,273","7,231","5,620","20,960","$9,756",818,3.90%,$0.47,$11.93
4/27/15,Queen Bee,80,"2,696","2,328","8,587","$3,845",88,1.03%,$0.45,$43.70
4/28/15,Z Force,264,"1,529",881,"5,017","$9,703",394,7.85%,$1.93,$24.63
4/28/15,Ranger Danger,"3,665","6,219","5,011","19,913","$8,624",761,3.82%,$0.43,$11.33
4/28/15,Queen Bee,100,"2,631","2,274","8,579","$4,223",88,1.03%,$0.49,$47.99
4/29/15,Z Force,238,"1,487",820,"4,724","$7,244",373,7.90%,$1.53,$19.42
4/29/15,Ranger Danger,"3,176","6,343","3,844","17,915","$8,500",729,4.07%,$0.47,$11.66
4/29/15,Queen Bee,96,"2,666","2,292","8,594","$4,579",85,0.99%,$0.53,$53.87
4/30/15,Z Force,246,"1,483",684,"5,193","$9,056",369,7.11%,$1.74,$24.54
4/30/15,Ranger Danger,"5,037","6,163","4,450","19,855","$11,080",773,3.89%,$0.56,$14.33
4/30/15,Queen Bee,84,"2,663","2,057","8,485","$14,045",675,7.96%,$1.66,$20.81
5/1/15,Z Force,387,"1,933","1,645","6,579","$11,336",445,6.76%,$1.72,$25.47
5/1/15,Ranger Danger,"5,171","6,366","4,766","21,244","$12,654",918,4.32%,$0.60,$13.78
5/1/15,Queen Bee,141,"3,442","2,932","9,927","$10,489",466,4.69%,$1.06,$22.51
5/2/15,Z Force,429,"1,845","1,286","6,339","$8,428",450,7.10%,$1.33,$18.73
5/2/15,Ranger Danger,"3,309","4,830","3,438","19,643","$13,008",957,4.87%,$0.66,$13.59
5/2/15,Queen Bee,135,"4,926","4,273","10,683","$12,428",406,3.80%,$1.16,$30.61
5/3/15,Z Force,355,"1,786","1,095","5,954","$7,827",390,6.55%,$1.31,$20.07
5/3/15,Ranger Danger,"1,675","4,860","2,833","16,242","$11,524",947,5.83%,$0.71,$12.17
5/3/15,Queen Bee,121,"3,513","2,767","10,136","$5,039",227,2.24%,$0.50,$22.20
5/4/15,Z Force,252,"1,581",927,"5,104","$7,842",364,7.13%,$1.54,$21.54
5/4/15,Ranger Danger,"3,455","5,121","3,360","16,517","$11,763",892,5.40%,$0.71,$13.19
5/4/15,Queen Bee,134,"3,122","2,706","9,927","$5,564",211,2.13%,$0.56,$26.37
5/5/15,Z Force,260,"1,556",913,"4,987","$6,659",298,5.98%,$1.34,$22.35
5/5/15,Ranger Danger,"2,850","5,107","3,663","16,718","$9,401",786,4.70%,$0.56,$11.96
5/5/15,Queen Bee,146,"3,117","2,666","10,043","$5,855",220,2.19%,$0.58,$26.61
5/6/15,Z Force,254,"1,511",824,"4,995","$6,459",319,6.39%,$1.29,$20.25
5/6/15,Ranger Danger,"2,575","5,310","3,339","16,202","$29,871","1,456",8.99%,$1.84,$20.52
5/6/15,Queen Bee,120,"3,062","2,634","9,938","$6,441",222,2.23%,$0.65,$29.01
5/7/15,Z Force,224,"1,557",890,"4,868","$8,048",343,7.05%,$1.65,$23.46
5/7/15,Ranger Danger,"3,186","5,550","3,574","16,883","$23,407","1,157",6.85%,$1.39,$20.23
5/7/15,Queen Bee,93,"2,895","2,018","9,469","$3,500",119,1.26%,$0.37,$29.41
5/8/15,Z Force,278,"1,728",967,"5,340","$8,367",393,7.36%,$1.57,$21.29
5/8/15,Ranger Danger,"3,102","6,145","4,354","18,618","$18,871","1,061",5.70%,$1.01,$17.79
5/8/15,Queen Bee,118,"3,559","3,109","10,266","$5,488",127,1.24%,$0.53,$43.21
5/9/15,Z Force,370,"1,663","1,124","5,727","$7,939",446,7.79%,$1.39,$17.80
5/9/15,Ranger Danger,"3,464","6,933","5,161","20,120","$18,598","1,197",5.95%,$0.92,$15.54
5/9/15,Queen Bee,132,"4,003","3,198","10,524","$6,124",121,1.15%,$0.58,$50.61
5/10/15,Z Force,353,"1,491","1,027","5,332","$7,077",397,7.45%,$1.33,$17.83
5/10/15,Ranger Danger,"2,313","6,583","5,292","19,567","$18,208","1,087",5.56%,$0.93,$16.75
5/10/15,Queen Bee,127,"3,928","3,037","10,429","$4,519",101,0.97%,$0.43,$44.74
5/11/15,Z Force,239,"1,510",861,"4,763","$7,582",348,7.31%,$1.59,$21.79
5/11/15,Ranger Danger,"3,520","6,154","4,527","19,269","$13,927",848,4.40%,$0.72,$16.42
5/11/15,Queen Bee,139,"3,392","2,762","10,397","$6,715",114,1.10%,$0.65,$58.91
5/12/15,Z Force,250,"1,466",839,"4,662","$5,600",320,6.86%,$1.20,$17.50
5/12/15,Ranger Danger,"3,727","5,958","4,498","19,109","$13,127",802,4.20%,$0.69,$16.37
5/12/15,Queen Bee,140,"3,476","2,936","10,363","$1,655",56,0.54%,$0.16,$29.56
5/13/15,Z Force,253,"1,429",820,"4,661","$6,315",311,6.67%,$1.35,$20.31
5/13/15,Ranger Danger,"2,683","5,928","4,369","17,494","$11,939",790,4.52%,$0.68,$15.11
5/13/15,Queen Bee,106,"3,267","2,833","10,252","$1,268",57,0.56%,$0.12,$22.25
5/14/15,Z Force,229,"1,417",842,"4,632","$6,077",307,6.63%,$1.31,$19.79
5/14/15,Ranger Danger,"2,802","5,991","3,948","17,410","$11,793",687,3.95%,$0.68,$17.17
5/14/15,Queen Bee,92,"2,930","2,529","9,851","$1,289",42,0.43%,$0.13,$30.68
5/15/15,Z Force,295,"1,587",912,"5,084","$6,888",335,6.59%,$1.35,$20.56
5/15/15,Ranger Danger,"3,399","5,983","4,523","19,472","$15,282",907,4.66%,$0.78,$16.85
5/15/15,Queen Bee,88,"3,506","3,038","10,234","$2,068",75,0.73%,$0.20,$27.57
5/16/15,Z Force,347,"1,661","1,104","5,519","$6,750",356,6.45%,$1.22,$18.96
5/16/15,Ranger Danger,"3,663","6,378","4,685","20,108","$15,853",997,4.96%,$0.79,$15.90
5/16/15,Queen Bee,106,"3,860","3,313","10,585","$1,930",52,0.49%,$0.18,$37.11
5/17/15,Z Force,420,"1,551","1,045","5,438","$6,505",344,6.33%,$1.20,$18.91
5/17/15,Ranger Danger,"2,788","6,391","4,921","19,502","$14,543",922,4.73%,$0.75,$15.77
5/17/15,Queen Bee,121,"3,808","3,190","10,322","$1,613",57,0.55%,$0.16,$28.29
5/18/15,Z Force,323,"1,462",867,"4,861","$7,829",302,6.21%,$1.61,$25.93
5/18/15,Ranger Danger,"3,781","6,651","4,595","19,361","$13,725",808,4.17%,$0.71,$16.99
5/18/15,Queen Bee,94,"3,254","2,832","10,249","$1,442",47,0.46%,$0.14,$30.69
5/19/15,Z Force,258,"1,401",825,"4,709","$6,556",262,5.56%,$1.39,$25.02
5/19/15,Ranger Danger,"2,166","6,181","4,762","17,723","$9,346",712,4.02%,$0.53,$13.13
5/19/15,Queen Bee,80,"3,266","2,770","10,001","$1,482",52,0.52%,$0.15,$28.49
5/20/15,Z Force,238,"1,396",804,"4,617","$5,308",293,6.35%,$1.15,$18.12
5/20/15,Ranger Danger,919,"4,278","2,428","16,113","$28,427","1,179",7.32%,$1.76,$24.11
5/20/15,Queen Bee,120,"3,245","2,741","10,140","$1,703",49,0.48%,$0.17,$34.75
5/21/15,Z Force,238,"1,600",825,"5,204","$22,922",632,12.15%,$4.40,$36.27
5/21/15,Ranger Danger,"3,292","6,280","3,944","17,320","$23,915","1,170",6.76%,$1.38,$20.44
5/21/15,Queen Bee,104,"3,044","2,357","9,926","$23,362",398,4.01%,$2.35,$58.70
5/22/15,Z Force,302,"1,760",994,"5,363","$10,570",448,8.35%,$1.97,$23.59
5/22/15,Ranger Danger,"4,299","7,060","4,297","19,996","$28,775","1,167",5.84%,$1.44,$24.66
5/22/15,Queen Bee,127,"3,456","3,017","10,502","$14,717",315,3.00%,$1.40,$46.72
5/23/15,Z Force,380,"1,686","1,111","5,485","$10,086",414,7.55%,$1.84,$24.36
5/23/15,Ranger Danger,"3,615","7,179","5,629","22,313","$27,330","1,387",6.22%,$1.22,$19.70
5/23/15,Queen Bee,111,"3,852","3,327","10,405","$8,818",221,2.12%,$0.85,$39.90
5/24/15,Z Force,353,"1,677","1,089","5,488","$8,669",411,7.49%,$1.58,$21.09
5/24/15,Ranger Danger,"3,547","7,508","5,638","22,171","$22,128","1,307",5.90%,$1.00,$16.93
5/24/15,Queen Bee,110,"3,846","3,242","10,339","$6,307",155,1.50%,$0.61,$40.69
5/25/15,Z Force,404,"1,653","1,067","5,522","$8,475",401,7.26%,$1.53,$21.14
5/25/15,Ranger Danger,"3,337","7,598","5,548","21,461","$24,484","1,338",6.24%,$1.14,$18.30
5/25/15,Queen Bee,126,"3,624","3,081","10,528","$6,668",160,1.52%,$0.63,$41.68
5/26/15,Z Force,321,"1,521",901,"5,018","$7,246",342,6.82%,$1.44,$21.19
5/26/15,Ranger Danger,"3,996","6,764","5,179","21,154","$16,337",961,4.54%,$0.77,$17.00
5/26/15,Queen Bee,122,"3,364","2,869","10,257","$5,085",124,1.21%,$0.50,$41.01
5/27/15,Z Force,299,"1,520",841,"4,927","$5,284",302,6.13%,$1.07,$17.50
5/27/15,Ranger Danger,"2,074","7,391","4,615","17,947","$11,638",779,4.34%,$0.65,$14.94
5/27/15,Queen Bee,135,"3,312","2,834","10,403","$4,273",112,1.08%,$0.41,$38.15
5/28/15,Z Force,303,"1,531",932,"4,931","$5,454",310,6.29%,$1.11,$17.59
5/28/15,Ranger Danger,"4,081","6,317","4,825","20,530","$13,168",793,3.86%,$0.64,$16.61
5/28/15,Queen Bee,132,"2,788","2,303","9,960","$4,738",123,1.24%,$0.48,$38.52
5/29/15,Z Force,308,"1,691",973,"5,231","$6,996",312,5.96%,$1.34,$22.42
5/29/15,Ranger Danger,"3,964","6,659","4,947","20,234","$15,863",945,4.67%,$0.78,$16.79
5/29/15,Queen Bee,125,"3,120","2,796","9,842","$4,497",125,1.27%,$0.46,$35.97
5/30/15,Z Force,375,"1,627","1,082","5,569","$6,997",346,6.21%,$1.26,$20.22
5/30/15,Ranger Danger,"4,082","6,938","5,257","20,844","$16,597","1,079",5.18%,$0.80,$15.38
5/30/15,Queen Bee,145,"3,574","3,111","9,948","$6,174",130,1.31%,$0.62,$47.49
5/31/15,Z Force,384,"1,606","1,044","5,497","$8,536",356,6.48%,$1.55,$23.98
5/31/15,Ranger Danger,"3,763","7,048","5,207","20,449","$14,951","1,073",5.25%,$0.73,$13.93
5/31/15,Queen Bee,150,"3,633","3,077","9,893","$3,714",92,0.93%,$0.38,$40.37
6/1/15,Z Force,296,"1,478",876,"4,848","$7,236",345,7.12%,$1.49,$20.97
6/1/15,Ranger Danger,"3,654","5,992","4,585","19,020","$13,746",891,4.69%,$0.72,$15.43
6/1/15,Queen Bee,139,"3,161","2,783","10,012","$3,954",102,1.02%,$0.39,$38.77
6/2/15,Z Force,338,"1,506",881,"4,929","$6,785",321,6.51%,$1.38,$21.14
6/2/15,Ranger Danger,"3,787","6,096","4,553","18,724","$11,212",796,4.25%,$0.60,$14.08
6/2/15,Queen Bee,171,"3,184","2,739","10,014","$3,453",100,1.00%,$0.34,$34.53
6/3/15,Z Force,323,"1,505",810,"4,912","$7,599",294,5.99%,$1.55,$25.85
6/3/15,Ranger Danger,"4,520","7,031","4,429","22,304","$17,888","1,121",5.03%,$0.80,$15.96
6/3/15,Queen Bee,139,"3,183","2,759","10,200","$4,291",100,0.98%,$0.42,$42.91
6/4/15,Z Force,296,"1,463",849,"4,860","$4,893",283,5.82%,$1.01,$17.29
6/4/15,Ranger Danger,"4,105","6,576","5,065","23,388","$18,285","1,054",4.51%,$0.78,$17.35
6/4/15,Queen Bee,95,"2,629","2,225","9,794","$6,100",170,1.74%,$0.62,$35.88
6/5/15,Z Force,316,"1,591",956,"5,201","$12,554",426,8.19%,$2.41,$29.47
6/5/15,Ranger Danger,"4,564","6,893","5,306","23,916","$18,474","1,060",4.43%,$0.77,$17.43
6/5/15,Queen Bee,123,"3,467","2,796","10,620","$3,537",156,1.47%,$0.33,$22.67
6/6/15,Z Force,363,"1,567","1,016","5,469","$11,928",487,8.91%,$2.18,$24.49
6/6/15,Ranger Danger,"2,236","6,960","5,590","22,346","$16,736","1,008",4.51%,$0.75,$16.60
6/6/15,Queen Bee,151,"5,065","4,357","11,154","$25,780",426,3.82%,$2.31,$60.52
6/7/15,Z Force,371,"1,618","1,032","5,535","$11,200",445,8.04%,$2.02,$25.17
6/7/15,Ranger Danger,"4,355","6,590","5,178","24,243","$15,943",995,4.10%,$0.66,$16.02
6/7/15,Queen Bee,144,"3,684","3,144","10,702","$1,422",57,0.53%,$0.13,$24.95
6/8/15,Z Force,307,"1,512",913,"4,929","$5,845",298,6.05%,$1.19,$19.61
6/8/15,Ranger Danger,"3,855","6,331","4,786","22,719","$12,866",838,3.69%,$0.57,$15.35
6/8/15,Queen Bee,133,"3,007","2,609","10,239","$1,535",52,0.51%,$0.15,$29.53
6/9/15,Z Force,356,"1,482",882,"5,038","$4,721",297,5.90%,$0.94,$15.90
6/9/15,Ranger Danger,"4,065","6,141","4,709","23,194","$11,186",766,3.30%,$0.48,$14.60
6/9/15,Queen Bee,142,"2,936","2,561","10,160","$2,073",80,0.79%,$0.20,$25.91
6/10/15,Z Force,323,"1,449",866,"5,013","$5,309",294,5.87%,$1.06,$18.06
6/10/15,Ranger Danger,"3,659","6,164","4,481","22,756","$10,530",743,3.27%,$0.46,$14.17
6/10/15,Queen Bee,128,"2,930","2,509","10,170","$1,441",47,0.46%,$0.14,$30.65
6/11/15,Z Force,275,"1,463",855,"4,814","$5,847",286,5.94%,$1.21,$20.44
6/11/15,Ranger Danger,"2,721","5,771","3,610","20,634","$12,401",751,3.64%,$0.60,$16.51
6/11/15,Queen Bee,88,"2,630","2,179","9,652","$6,480",115,1.19%,$0.67,$56.34
6/12/15,Z Force,318,"1,541",910,"5,311","$6,336",326,6.14%,$1.19,$19.43
6/12/15,Ranger Danger,"3,716","6,223","4,457","21,536","$13,342",798,3.71%,$0.62,$16.72
6/12/15,Queen Bee,148,"2,915","2,472","10,104","$5,634",104,1.03%,$0.56,$54.18
6/13/15,Z Force,310,"1,540","1,048","5,297","$5,906",349,6.59%,$1.11,$16.92
6/13/15,Ranger Danger,"3,344","6,525","5,175","22,041","$13,141",824,3.74%,$0.60,$15.95
6/13/15,Queen Bee,114,"3,509","3,004","10,278","$2,714",81,0.79%,$0.26,$33.50
6/14/15,Z Force,299,"1,460",983,"5,085","$6,301",320,6.29%,$1.24,$19.69
6/14/15,Ranger Danger,"4,663","6,526","5,005","23,999","$12,602",804,3.35%,$0.53,$15.67
6/14/15,Queen Bee,109,"3,579","2,912","10,293","$2,330",60,0.58%,$0.23,$38.83
6/15/15,Z Force,322,"1,504",904,"5,505","$6,344",344,6.25%,$1.15,$18.44
6/15/15,Ranger Danger,"4,390","6,312","4,944","23,318","$10,875",717,3.08%,$0.47,$15.17
6/15/15,Queen Bee,96,"2,984","2,549","9,925","$2,310",54,0.54%,$0.23,$42.78
6/16/15,Z Force,270,"1,503",909,"5,156","$5,118",304,5.90%,$0.99,$16.83
6/16/15,Ranger Danger,"3,850","5,993","4,559","22,811","$8,270",638,2.80%,$0.36,$12.96
6/16/15,Queen Bee,110,"2,936","2,502","9,986","$2,098",62,0.62%,$0.21,$33.83
6/17/15,Z Force,296,"1,455",907,"4,997","$5,453",296,5.92%,$1.09,$18.42
6/17/15,Ranger Danger,"1,124","4,705","2,952","20,156","$14,495",937,4.65%,$0.72,$15.47
6/17/15,Queen Bee,106,"2,899","2,491","9,878","$1,887",51,0.52%,$0.19,$37.00
6/18/15,Z Force,243,"1,576",903,"5,443","$15,553",641,11.78%,$2.86,$24.26
6/18/15,Ranger Danger,"4,670","7,116","4,904","22,829","$13,245",854,3.74%,$0.58,$15.51
6/18/15,Queen Bee,67,"2,488","2,012","9,355","$2,240",52,0.56%,$0.24,$43.07
6/19/15,Z Force,286,"1,559",989,"5,290","$9,825",455,8.60%,$1.86,$21.59
6/19/15,Ranger Danger,"4,759","6,983","5,358","24,981","$14,199",848,3.40%,$0.57,$16.74
6/19/15,Queen Bee,110,"2,877","2,515","9,859","$13,605",411,4.17%,$1.38,$33.10
6/20/15,Z Force,282,"1,432",966,"5,017","$7,915",407,8.11%,$1.58,$19.45
6/20/15,Ranger Danger,"2,088","7,278","5,948","22,420","$13,158",839,3.74%,$0.59,$15.68
6/20/15,Queen Bee,113,"3,302","2,888","9,842","$15,408",428,4.35%,$1.57,$36.00
6/21/15,Z Force,261,"1,449",948,"4,903","$6,381",364,7.42%,$1.30,$17.53
6/21/15,Ranger Danger,"4,919","7,075","5,517","25,694","$13,184",865,3.37%,$0.51,$15.24
6/21/15,Queen Bee,99,"3,328","2,837","9,973","$10,513",314,3.15%,$1.05,$33.48
6/22/15,Z Force,266,"1,462",930,"4,988","$7,596",347,6.96%,$1.52,$21.89
6/22/15,Ranger Danger,"4,659","6,912","5,457","25,328","$10,488",751,2.97%,$0.41,$13.97
6/22/15,Queen Bee,107,"2,895","2,480","9,861","$1,558",56,0.57%,$0.16,$27.83
6/23/15,Z Force,276,"1,479",923,"4,938","$6,451",315,6.38%,$1.31,$20.48
6/23/15,Ranger Danger,"3,737","7,383","5,857","24,012","$8,767",643,2.68%,$0.37,$13.63
6/23/15,Queen Bee,121,"2,897","2,485","9,840","$1,468",42,0.43%,$0.15,$34.96
6/24/15,Z Force,283,"1,416",841,"4,990","$4,830",272,5.45%,$0.97,$17.76
6/24/15,Ranger Danger,"3,051","6,475","4,371","23,726","$7,730",565,2.38%,$0.33,$13.68
6/24/15,Queen Bee,136,"3,008","2,503","9,818","$1,438",40,0.41%,$0.15,$35.95
6/25/15,Z Force,321,"1,563",901,"5,268","$5,706",381,7.23%,$1.08,$14.98
6/25/15,Ranger Danger,"5,233","7,395","5,815","25,645","$8,573",640,2.50%,$0.33,$13.39
6/25/15,Queen Bee,99,"2,668","1,959","9,505","$16,847",205,2.16%,$1.77,$82.18
6/26/15,Z Force,291,"1,585","1,040","5,413","$7,229",415,7.67%,$1.34,$17.42
6/26/15,Ranger Danger,"4,666","6,699","5,532","25,485","$10,641",693,2.72%,$0.42,$15.35
6/26/15,Queen Bee,113,"3,049","2,675","9,972","$11,671",166,1.67%,$1.17,$70.31
6/27/15,Z Force,331,"1,658","1,079","5,407","$5,805",433,8.01%,$1.07,$13.41
6/27/15,Ranger Danger,"1,676","6,609","5,619","22,326","$10,030",694,3.11%,$0.45,$14.45
6/27/15,Queen Bee,103,"3,417","2,889","9,988","$9,362",127,1.27%,$0.94,$73.71
6/28/15,Z Force,325,"1,712","1,086","5,403","$6,601",386,7.14%,$1.22,$17.10
6/28/15,Ranger Danger,"3,880","6,702","5,398","24,572","$9,094",662,2.69%,$0.37,$13.74
6/28/15,Queen Bee,86,"3,490","2,877","9,946","$7,726",111,1.12%,$0.78,$69.60
6/29/15,Z Force,338,"1,721","1,053","5,581","$6,123",379,6.79%,$1.10,$16.16
6/29/15,Ranger Danger,"3,384","5,962","4,844","22,772","$9,867",668,2.93%,$0.43,$14.77
6/29/15,Queen Bee,119,"3,055","2,612","9,897","$4,748",90,0.91%,$0.48,$52.76
6/30/15,Z Force,303,"1,635","1,019","5,447","$5,431",328,6.02%,$1.00,$16.56
6/30/15,Ranger Danger,"4,109","6,040","4,833","23,154","$9,437",644,2.78%,$0.41,$14.65
6/30/15,Queen Bee,124,"2,941","2,544","9,745","$5,808",110,1.13%,$0.60,$52.80
7/1/15,Z Force,277,"1,544",907,"5,160","$5,566",327,6.34%,$1.08,$17.02
7/1/15,Ranger Danger,"3,320","5,588","3,848","19,307","$7,013",564,2.92%,$0.36,$12.44
7/1/15,Queen Bee,190,"2,897","2,528","9,765","$5,243",105,1.08%,$0.54,$49.94
7/2/15,Z Force,287,"1,603",985,"5,163","$6,290",364,7.05%,$1.22,$17.28
7/2/15,Ranger Danger,"4,036","6,741","4,934","19,063","$11,544",760,3.99%,$0.61,$15.19
7/2/15,Queen Bee,117,"3,241","2,511","9,818","$10,474",262,2.67%,$1.07,$39.98
7/3/15,Z Force,296,"1,575","1,020","5,243","$6,618",357,6.81%,$1.26,$18.54
7/3/15,Ranger Danger,"2,794","5,820","4,747","17,964","$10,761",726,4.04%,$0.60,$14.82
7/3/15,Queen Bee,164,"3,894","3,393","10,989","$7,717",215,1.96%,$0.70,$35.89
7/4/15,Z Force,328,"1,391",996,"5,072","$4,701",329,6.49%,$0.93,$14.29
7/4/15,Ranger Danger,"2,270","6,221","4,898","16,954","$8,106",632,3.73%,$0.48,$12.83
7/4/15,Queen Bee,147,"5,257","4,639","11,044","$15,096",245,2.22%,$1.37,$61.62
7/5/15,Z Force,336,"1,561","1,008","5,329","$4,787",357,6.70%,$0.90,$13.41
7/5/15,Ranger Danger,"3,273","5,817","4,580","18,394","$9,108",660,3.59%,$0.50,$13.80
7/5/15,Queen Bee,128,"4,101","3,457","10,651","$2,845",111,1.04%,$0.27,$25.63
7/6/15,Z Force,334,"1,596",994,"5,239","$6,835",365,6.97%,$1.30,$18.73
7/6/15,Ranger Danger,"4,048","6,332","4,830","18,868","$8,168",627,3.32%,$0.43,$13.03
7/6/15,Queen Bee,127,"3,585","3,077","10,315","$4,082",117,1.13%,$0.40,$34.89
7/7/15,Z Force,298,"1,522",930,"5,138","$5,069",314,6.11%,$0.99,$16.14
7/7/15,Ranger Danger,"3,170","5,666","4,433","18,833","$7,355",607,3.22%,$0.39,$12.12
7/7/15,Queen Bee,137,"3,547","3,073","10,173","$4,267",103,1.01%,$0.42,$41.42
7/8/15,Z Force,294,"1,555",891,"5,300","$4,549",315,5.94%,$0.86,$14.44
7/8/15,Ranger Danger,"3,750","6,235","4,159","18,479","$6,452",556,3.01%,$0.35,$11.60
7/8/15,Queen Bee,182,"3,497","2,993","10,261","$4,622",109,1.06%,$0.45,$42.40
7/9/15,Z Force,341,"1,696",994,"5,629","$4,741",320,5.69%,$0.84,$14.82
7/9/15,Ranger Danger,"3,128","5,373","4,278","18,679","$12,624",725,3.88%,$0.68,$17.41
7/9/15,Queen Bee,149,"3,003","2,571","9,897","$2,415",89,0.90%,$0.24,$27.13
7/10/15,Z Force,279,"1,647","1,038","5,523","$4,508",337,6.10%,$0.82,$13.38
7/10/15,Ranger Danger,"3,812","6,047","4,776","18,637","$15,093",751,4.03%,$0.81,$20.10
7/10/15,Queen Bee,106,"3,511","3,079","10,145","$2,352",87,0.86%,$0.23,$27.04
7/11/15,Z Force,306,"1,655","1,059","5,610","$5,127",350,6.24%,$0.91,$14.65
7/11/15,Ranger Danger,"2,504","6,372","5,059","18,236","$13,265",793,4.35%,$0.73,$16.73
7/11/15,Queen Bee,88,"4,048","3,418","10,231","$2,259",82,0.80%,$0.22,$27.54
7/12/15,Z Force,317,"1,691","1,089","5,630","$5,115",327,5.81%,$0.91,$15.64
7/12/15,Ranger Danger,"3,399","6,129","4,979","19,243","$15,243",800,4.16%,$0.79,$19.05
7/12/15,Queen Bee,114,"3,782","3,249","10,243","$1,542",65,0.64%,$0.15,$23.72
7/13/15,Z Force,343,"1,620","1,008","5,492","$4,576",322,5.86%,$0.83,$14.21
7/13/15,Ranger Danger,"4,117","6,573","5,017","19,166","$9,263",669,3.49%,$0.48,$13.85
7/13/15,Queen Bee,128,"3,477","2,989","10,091","$2,331",66,0.65%,$0.23,$35.31
7/14/15,Z Force,340,"1,725","1,031","5,658","$4,136",307,5.43%,$0.73,$13.47
7/14/15,Ranger Danger,"3,678","6,455","5,078","19,325","$7,669",608,3.15%,$0.40,$12.61
7/14/15,Queen Bee,124,"3,306","2,868","10,057","$2,206",75,0.75%,$0.22,$29.41
7/15/15,Z Force,330,"1,669","1,012","5,752","$4,513",313,5.44%,$0.78,$14.42
7/15/15,Ranger Danger,"4,039","6,987","5,306","19,892","$6,191",559,2.81%,$0.31,$11.08
7/15/15,Queen Bee,126,"3,279","2,840","10,166","$1,708",61,0.60%,$0.17,$28.00
7/16/15,Z Force,338,"2,793","1,325","7,407","$26,431",889,12.00%,$3.57,$29.73
7/16/15,Ranger Danger,"1,281","6,568","4,127","22,679","$50,776","2,157",9.51%,$2.24,$23.54
7/16/15,Queen Bee,73,"3,041","2,419","9,712","$6,160",128,1.32%,$0.63,$48.13
7/17/15,Z Force,422,"2,419","1,636","7,723","$17,461",761,9.85%,$2.26,$22.94
7/17/15,Ranger Danger,"4,431","9,492","6,754","23,687","$41,644","2,116",8.93%,$1.76,$19.68
7/17/15,Queen Bee,111,"3,675","3,109","10,399","$3,293",84,0.81%,$0.32,$39.20
7/18/15,Z Force,432,"2,284","1,562","7,427","$12,747",659,8.87%,$1.72,$19.34
7/18/15,Ranger Danger,"2,829","10,214","8,103","24,465","$34,222","1,760",7.19%,$1.40,$19.44
7/18/15,Queen Bee,97,"4,929","4,291","10,650","$13,712",290,2.72%,$1.29,$47.28
7/19/15,Z Force,466,"2,295","1,520","7,511","$12,402",609,8.11%,$1.65,$20.36
7/19/15,Ranger Danger,"4,150","9,826","7,568","26,268","$29,944","1,705",6.49%,$1.14,$17.56
7/19/15,Queen Bee,105,"4,122","3,448","10,354","$1,973",71,0.69%,$0.19,$27.79
7/20/15,Z Force,419,"2,220","1,461","7,632","$12,102",583,7.64%,$1.59,$20.76
7/20/15,Ranger Danger,"4,717","9,777","7,043","25,765","$25,066","1,391",5.40%,$0.97,$18.02
7/20/15,Queen Bee,152,"3,387","2,960","10,088","$2,084",63,0.63%,$0.21,$33.08
7/21/15,Z Force,458,"2,231","1,405","7,540","$8,858",490,6.50%,$1.17,$18.08
7/21/15,Ranger Danger,"3,192","7,380","4,599","22,603","$23,405","1,298",5.74%,$1.04,$18.03
7/21/15,Queen Bee,146,"3,343","2,889","10,121","$2,658",59,0.58%,$0.26,$45.06
7/22/15,Z Force,431,"2,199","1,345","7,058","$10,821",510,7.23%,$1.53,$21.22
7/22/15,Ranger Danger,"4,595","9,351","6,021","23,790","$22,511","1,317",5.54%,$0.95,$17.09
7/22/15,Queen Bee,127,"2,961","2,627","9,813","$2,473",62,0.63%,$0.25,$39.88
7/23/15,Z Force,475,"2,176","1,384","7,430","$10,798",543,7.31%,$1.45,$19.89
7/23/15,Ranger Danger,"4,429","9,516","7,082","25,872","$22,022","1,422",5.50%,$0.85,$15.49
7/23/15,Queen Bee,75,"2,948","2,488","9,678","$4,271",121,1.25%,$0.44,$35.30
7/24/15,Z Force,455,"2,242","1,431","7,484","$11,508",552,7.38%,$1.54,$20.85
7/24/15,Ranger Danger,"5,458","10,026","7,986","26,778","$67,568","2,558",9.55%,$2.52,$26.41
7/24/15,Queen Bee,86,"3,392","3,013","9,986","$3,686",100,1.00%,$0.37,$36.86
7/25/15,Z Force,524,"2,152","1,462","7,323","$10,180",569,7.77%,$1.39,$17.89
7/25/15,Ranger Danger,"4,262","10,822","8,609","25,836","$48,466","2,140",8.28%,$1.88,$22.65
7/25/15,Queen Bee,103,"4,590","3,896","10,460","$3,432",87,0.83%,$0.33,$39.44
7/26/15,Z Force,483,"2,187","1,447","7,284","$9,121",504,6.92%,$1.25,$18.10
7/26/15,Ranger Danger,"4,693","9,426","7,434","27,046","$42,636","1,945",7.19%,$1.58,$21.92
7/26/15,Queen Bee,108,"4,455","3,771","10,456","$2,222",77,0.74%,$0.21,$28.86
7/27/15,Z Force,496,"2,113","1,378","7,298","$9,494",530,7.26%,$1.30,$17.91
7/27/15,Ranger Danger,"5,470","9,992","7,426","26,429","$39,834","1,786",6.76%,$1.51,$22.30
7/27/15,Queen Bee,124,"3,505","3,008","10,047","$2,024",55,0.55%,$0.20,$36.79
7/28/15,Z Force,474,"2,078","1,350","7,266","$7,312",439,6.04%,$1.01,$16.66
7/28/15,Ranger Danger,"4,852","9,201","7,383","26,132","$33,250","1,656",6.34%,$1.27,$20.08
7/28/15,Queen Bee,102,"3,293","2,849","10,027","$1,452",51,0.51%,$0.14,$28.48
7/29/15,Z Force,505,"2,022","1,215","6,974","$7,527",366,5.25%,$1.08,$20.56
7/29/15,Ranger Danger,"2,955","7,016","3,913","22,456","$28,627","1,468",6.54%,$1.27,$19.50
7/29/15,Queen Bee,110,"3,478","2,905","9,917","$2,618",78,0.79%,$0.26,$33.56
7/30/15,Z Force,472,"1,998","1,239","6,631","$8,790",411,6.20%,$1.33,$21.39
7/30/15,Ranger Danger,"3,469","7,355","5,806","22,515","$37,130","1,642",7.29%,$1.65,$22.61
7/30/15,Queen Bee,98,"3,250","2,827","9,895","$11,326",156,1.58%,$1.14,$72.60
7/31/15,Z Force,465,"2,071","1,311","6,882","$9,417",450,6.54%,$1.37,$20.93
7/31/15,Ranger Danger,"3,021","8,726","6,572","21,649","$32,350","1,578",7.29%,$1.49,$20.50
7/31/15,Queen Bee,88,"3,413","2,870","10,062","$9,381",162,1.61%,$0.93,$57.90
8/1/15,Z Force,429,"1,996","1,326","6,698","$8,574",461,6.88%,$1.28,$18.60
8/1/15,Ranger Danger,"1,274","8,186","6,657","20,484","$19,533","1,245",6.08%,$0.95,$15.69
8/1/15,Queen Bee,83,"4,953","4,293","10,586","$16,586",290,2.74%,$1.57,$57.19
8/2/15,Z Force,482,"1,926","1,299","6,757","$8,039",428,6.33%,$1.19,$18.78
8/2/15,Ranger Danger,"2,743","7,565","5,792","21,649","$18,592","1,239",5.72%,$0.86,$15.01
8/2/15,Queen Bee,99,"3,653","3,125","10,005","$4,836",99,0.99%,$0.48,$48.85
8/3/15,Z Force,372,"1,982","1,264","6,536","$8,012",448,6.85%,$1.23,$17.88
8/3/15,Ranger Danger,"3,342","7,614","5,465","22,147","$17,557","1,122",5.07%,$0.79,$15.65
8/3/15,Queen Bee,83,"3,245","2,800","9,625","$4,517",79,0.82%,$0.47,$57.17
8/4/15,Z Force,346,"1,879","1,219","6,378","$8,408",424,6.65%,$1.32,$19.83
8/4/15,Ranger Danger,"4,676","8,867","6,606","23,502","$16,263","1,099",4.68%,$0.69,$14.80
8/4/15,Queen Bee,85,"3,226","2,804","9,659","$6,000",98,1.02%,$0.62,$61.23
8/5/15,Z Force,368,"1,911","1,136","6,343","$7,321",377,5.94%,$1.15,$19.42
8/5/15,Ranger Danger,"3,885","7,740","5,353","23,379","$15,426","1,117",4.78%,$0.66,$13.81
8/5/15,Queen Bee,96,"3,265","2,859","9,539","$5,031",92,0.96%,$0.53,$54.69
8/6/15,Z Force,387,"1,945","1,243","6,586","$8,724",434,6.59%,$1.32,$20.10
8/6/15,Ranger Danger,"4,788","8,517","6,752","24,633","$17,413","1,224",4.97%,$0.71,$14.23
8/6/15,Queen Bee,99,"2,799","1,955","9,182","$9,763",174,1.90%,$1.06,$56.11
8/7/15,Z Force,391,"2,022","1,322","6,692","$7,757",406,6.07%,$1.16,$19.11
8/7/15,Ranger Danger,"4,788","10,064","7,657","25,615","$18,734","1,328",5.18%,$0.73,$14.11
8/7/15,Queen Bee,151,"3,208","2,782","9,899","$6,429",163,1.65%,$0.65,$39.44
8/8/15,Z Force,420,"2,068","1,311","6,487","$7,638",439,6.77%,$1.18,$17.40
8/8/15,Ranger Danger,"2,947","9,449","7,954","23,889","$17,406","1,309",5.48%,$0.73,$13.30
8/8/15,Queen Bee,180,"4,556","4,015","10,354","$14,454",348,3.36%,$1.40,$41.53
8/9/15,Z Force,402,"1,972","1,303","6,560","$7,743",405,6.17%,$1.18,$19.12
8/9/15,Ranger Danger,"3,862","7,889","6,401","24,871","$17,623","1,300",5.23%,$0.71,$13.56
8/9/15,Queen Bee,141,"3,447","2,902","9,941","$6,389",164,1.65%,$0.64,$38.96
8/10/15,Z Force,424,"2,028","1,260","6,504","$9,021",437,6.72%,$1.39,$20.64
8/10/15,Ranger Danger,"4,607","8,083","6,174","23,675","$16,655","1,162",4.91%,$0.70,$14.33
8/10/15,Queen Bee,125,"2,916","2,553","9,563","$3,128",94,0.98%,$0.33,$33.28
8/11/15,Z Force,392,"1,934","1,241","6,461","$7,632",397,6.15%,$1.18,$19.23
8/11/15,Ranger Danger,"3,894","7,870","6,174","23,345","$15,277","1,156",4.95%,$0.65,$13.22
8/11/15,Queen Bee,81,"3,018","2,572","9,474","$2,385",54,0.57%,$0.25,$44.17
8/12/15,Z Force,399,"1,878","1,180","6,375","$7,666",390,6.12%,$1.20,$19.66
8/12/15,Ranger Danger,"4,675","8,272","6,399","23,266","$16,720","1,238",5.32%,$0.72,$13.51
8/12/15,Queen Bee,99,"2,820","2,447","9,453","$2,376",62,0.66%,$0.25,$38.32
8/13/15,Z Force,436,"1,926","1,166","6,201","$6,137",355,5.73%,$0.99,$17.29
8/13/15,Ranger Danger,"3,748","7,396","5,018","21,915","$13,948","1,019",4.65%,$0.64,$13.69
8/13/15,Queen Bee,89,"2,524","1,842","8,717","$6,761",183,2.10%,$0.78,$36.95
8/14/15,Z Force,439,"1,981","1,241","6,499","$8,166",390,6.00%,$1.26,$20.94
8/14/15,Ranger Danger,"5,060","8,553","6,431","23,107","$13,848",985,4.26%,$0.60,$14.06
8/14/15,Queen Bee,102,"2,812","2,439","9,225","$7,117",212,2.30%,$0.77,$33.57
8/15/15,Z Force,497,"1,929","1,321","6,465","$8,420",372,5.75%,$1.30,$22.63
8/15/15,Ranger Danger,"2,805","8,411","5,376","21,450","$14,429","1,065",4.97%,$0.67,$13.55
8/15/15,Queen Bee,101,"3,258","2,172","9,129","$5,127",149,1.63%,$0.56,$34.41
8/16/15,Z Force,574,"1,921","1,260","6,529","$6,632",394,6.04%,$1.02,$16.83
8/16/15,Ranger Danger,"4,209","7,873","6,352","24,007","$16,187","1,139",4.74%,$0.67,$14.21
8/16/15,Queen Bee,109,"4,548","3,856","9,928","$15,446",251,2.53%,$1.56,$61.54
8/17/15,Z Force,523,"1,893","1,198","6,440","$6,902",392,6.09%,$1.07,$17.61
8/17/15,Ranger Danger,"4,817","8,722","6,660","23,326","$14,351","1,010",4.33%,$0.62,$14.21
8/17/15,Queen Bee,84,"2,909","2,517","9,314","$1,498",39,0.42%,$0.16,$38.40
8/18/15,Z Force,397,"1,997","1,206","6,611","$6,382",376,5.69%,$0.97,$16.97
8/18/15,Ranger Danger,"4,026","7,823","6,177","23,113","$13,537",965,4.18%,$0.59,$14.03
8/18/15,Queen Bee,108,"2,856","2,427","9,172","$2,173",54,0.59%,$0.24,$40.24
8/19/15,Z Force,440,"1,876","1,172","6,613","$5,734",365,5.52%,$0.87,$15.71
8/19/15,Ranger Danger,"1,175","5,943","3,514","20,266","$75,511","2,170",10.71%,$3.73,$34.80
8/19/15,Queen Bee,103,"2,842","2,386","9,119","$1,983",45,0.49%,$0.22,$44.07
8/20/15,Z Force,361,"1,987",989,"6,391","$32,098",715,11.19%,$5.02,$44.89
8/20/15,Ranger Danger,"3,144","7,009","4,778","20,615","$47,178","1,761",8.54%,$2.29,$26.79
8/20/15,Queen Bee,109,"2,171","1,776","8,375","$1,506",46,0.55%,$0.18,$32.74
8/21/15,Z Force,416,"2,044",992,"6,692","$16,259",539,8.05%,$2.43,$30.16
8/21/15,Ranger Danger,"4,427","8,251","5,905","23,601","$37,967","1,544",6.54%,$1.61,$24.59
8/21/15,Queen Bee,98,"2,896","2,315","8,586","$1,177",51,0.59%,$0.14,$23.07
8/22/15,Z Force,406,"1,893","1,231","6,441","$13,088",538,8.35%,$2.03,$24.33
8/22/15,Ranger Danger,"3,957","8,384","6,441","24,779","$29,845","1,459",5.89%,$1.20,$20.46
8/22/15,Queen Bee,125,"4,170","3,594","9,118","$7,158",141,1.55%,$0.79,$50.77
8/23/15,Z Force,429,"1,850","1,230","6,485","$11,104",497,7.66%,$1.71,$22.34
8/23/15,Ranger Danger,"4,924","9,003","6,729","26,161","$26,271","1,396",5.34%,$1.00,$18.82
8/23/15,Queen Bee,115,"2,946","2,530","8,685","$2,951",72,0.83%,$0.34,$40.98
8/24/15,Z Force,400,"1,747","1,077","5,969","$10,273",473,7.92%,$1.72,$21.72
8/24/15,Ranger Danger,"5,216","9,359","6,909","25,667","$24,899","1,240",4.83%,$0.97,$20.08
8/24/15,Queen Bee,119,"2,568","2,213","8,356","$2,265",43,0.52%,$0.27,$52.67
8/25/15,Z Force,342,"1,701","1,053","5,746","$8,883",408,7.10%,$1.55,$21.77
8/25/15,Ranger Danger,"4,223","8,455","6,552","24,576","$20,793","1,119",4.55%,$0.85,$18.58
8/25/15,Queen Bee,93,"2,516","2,184","8,334","$1,118",38,0.46%,$0.13,$29.43
8/26/15,Z Force,311,"1,639",962,"5,560","$8,490",357,6.42%,$1.53,$23.78
8/26/15,Ranger Danger,"4,852","9,179","6,024","24,069","$25,753","1,163",4.83%,$1.07,$22.14
8/26/15,Queen Bee,101,"2,512","2,148","8,302","$1,034",39,0.47%,$0.12,$26.52
8/27/15,Z Force,346,"1,642","1,004","5,585","$10,361",391,7.00%,$1.86,$26.50
8/27/15,Ranger Danger,"4,366","8,544","6,424","24,061","$24,569","1,211",5.03%,$1.02,$20.29
8/27/15,Queen Bee,77,"2,475","1,827","8,286","$1,312",35,0.42%,$0.16,$37.47
8/28/15,Z Force,319,"1,829","1,098","5,811","$9,630",432,7.43%,$1.66,$22.29
8/28/15,Ranger Danger,"4,393","8,630","6,563","23,701","$25,862","1,184",5.00%,$1.09,$21.84
8/28/15,Queen Bee,76,"2,874","2,540","8,651","$1,532",52,0.60%,$0.18,$29.45
8/29/15,Z Force,399,"1,762","1,187","5,946","$9,035",438,7.37%,$1.52,$20.63
8/29/15,Ranger Danger,"4,379","8,264","6,597","23,910","$23,471","1,211",5.07%,$0.98,$19.38
8/29/15,Queen Bee,93,"3,346","2,886","8,839","$1,485",39,0.44%,$0.17,$38.07
8/30/15,Z Force,366,"1,758","1,151","5,818","$8,072",409,7.03%,$1.39,$19.74
8/30/15,Ranger Danger,"4,281","7,958","6,331","23,648","$20,165","1,103",4.66%,$0.85,$18.28
8/30/15,Queen Bee,120,"3,043","2,566","8,713",$922,40,0.46%,$0.11,$23.06
8/31/15,Z Force,290,"1,604",960,"5,267","$9,514",376,7.14%,$1.81,$25.30
8/31/15,Ranger Danger,"3,942","7,796","5,793","21,997","$18,548",978,4.45%,$0.84,$18.97
8/31/15,Queen Bee,124,"2,669","2,121","8,351","$1,802",38,0.46%,$0.22,$47.42
9/1/15,Z Force,289,"1,501",928,"5,164","$8,451",386,7.48%,$1.64,$21.89
9/1/15,Ranger Danger,"3,949","7,321","5,589","21,324","$17,967",980,4.60%,$0.84,$18.33
9/1/15,Queen Bee,106,"2,618","2,250","8,371","$1,508",43,0.51%,$0.18,$35.07
9/2/15,Z Force,246,"1,431",808,"4,973","$7,253",311,6.25%,$1.46,$23.32
9/2/15,Ranger Danger,"3,449","7,048","4,734","20,033","$15,243",869,4.34%,$0.76,$17.54
9/2/15,Queen Bee,84,"2,661","2,291","8,234","$1,086",38,0.46%,$0.13,$28.59
9/3/15,Z Force,253,"1,485",888,"4,979","$8,240",335,6.73%,$1.65,$24.60
9/3/15,Ranger Danger,"3,640","7,160","5,331","20,089","$16,841",850,4.23%,$0.84,$19.81
9/3/15,Queen Bee,69,"2,227","1,846","7,966","$1,383",33,0.41%,$0.17,$41.90
9/4/15,Z Force,300,"1,817","1,082","5,551","$9,382",375,6.76%,$1.69,$25.02
9/4/15,Ranger Danger,"3,242","7,680","5,661","20,218","$20,166","1,012",5.01%,$1.00,$19.93
9/4/15,Queen Bee,75,"2,786","2,341","8,362","$2,147",57,0.68%,$0.26,$37.66
9/5/15,Z Force,370,"1,806","1,209","5,949","$8,554",393,6.61%,$1.44,$21.77
9/5/15,Ranger Danger,"3,956","8,070","6,166","21,876","$19,390","1,028",4.70%,$0.89,$18.86
9/5/15,Queen Bee,94,"4,107","3,574","9,012","$14,979",229,2.54%,$1.66,$65.41
9/6/15,Z Force,375,"1,828","1,224","5,844","$8,478",445,7.62%,$1.45,$19.05
9/6/15,Ranger Danger,"4,034","7,904","6,026","21,531","$17,015",983,4.57%,$0.79,$17.31
9/6/15,Queen Bee,126,"3,436","2,893","8,617","$2,779",89,1.03%,$0.32,$31.22
9/7/15,Z Force,378,"1,751","1,189","5,892","$10,224",459,7.79%,$1.74,$22.27
9/7/15,Ranger Danger,"4,274","8,155","6,208","21,957","$16,441","1,029",4.69%,$0.75,$15.98
9/7/15,Queen Bee,92,"3,000","2,475","8,511","$3,158",93,1.09%,$0.37,$33.95
9/8/15,Z Force,241,"1,399",852,"4,888","$7,588",315,6.44%,$1.55,$24.09
9/8/15,Ranger Danger,"4,056","7,163","5,669","20,215","$12,281",804,3.98%,$0.61,$15.27
9/8/15,Queen Bee,119,"2,724","2,243","8,221","$1,189",30,0.37%,$0.14,$39.62
9/9/15,Z Force,262,"1,358",770,"4,737","$5,375",260,5.49%,$1.13,$20.67
9/9/15,Ranger Danger,"4,017","7,321","5,585","19,657","$11,580",737,3.75%,$0.59,$15.71
9/9/15,Queen Bee,108,"2,580","2,155","8,117","$1,024",34,0.42%,$0.13,$30.11
9/10/15,Z Force,209,"1,302",778,"4,425","$5,407",276,6.24%,$1.22,$19.59
9/10/15,Ranger Danger,"3,967","7,256","5,099","19,081","$11,909",683,3.58%,$0.62,$17.44
9/10/15,Queen Bee,90,"2,287","1,855","7,801","$1,190",39,0.50%,$0.15,$30.52
9/11/15,Z Force,258,"1,694",944,"5,144","$8,827",358,6.96%,$1.72,$24.66
9/11/15,Ranger Danger,"3,133","7,202","5,545","19,024","$14,121",807,4.24%,$0.74,$17.50
9/11/15,Queen Bee,145,"2,638","2,277","8,297","$1,449",50,0.60%,$0.17,$28.97
9/12/15,Z Force,360,"1,724","1,121","5,706","$7,468",404,7.08%,$1.31,$18.48
9/12/15,Ranger Danger,"4,043","7,595","5,975","20,992","$15,523",922,4.39%,$0.74,$16.84
9/12/15,Queen Bee,154,"3,191","2,751","8,492","$1,216",44,0.52%,$0.14,$27.63
9/13/15,Z Force,357,"1,615","1,044","5,529","$8,414",381,6.89%,$1.52,$22.08
9/13/15,Ranger Danger,"3,451","7,277","6,075","19,962","$13,738",811,4.06%,$0.69,$16.94
9/13/15,Queen Bee,105,"3,106","2,609","8,541","$1,195",40,0.47%,$0.14,$29.88
9/14/15,Z Force,301,"1,489",843,"5,146","$8,636",333,6.47%,$1.68,$25.93
9/14/15,Ranger Danger,"4,056","7,174","5,499","19,246","$11,382",727,3.78%,$0.59,$15.66
9/14/15,Queen Bee,87,"2,525","2,169","8,158","$1,038",28,0.34%,$0.13,$37.08
9/15/15,Z Force,239,"1,378",789,"4,721","$6,145",306,6.48%,$1.30,$20.08
9/15/15,Ranger Danger,"3,825","6,851","5,342","18,574","$12,121",705,3.80%,$0.65,$17.19
9/15/15,Queen Bee,101,"2,530","2,143","8,190",$484,21,0.26%,$0.06,$23.05
9/16/15,Z Force,223,"1,479",816,"4,879","$22,989",560,11.48%,$4.71,$41.05
9/16/15,Ranger Danger,"2,341","5,406","3,139","16,786","$22,114","1,093",6.51%,$1.32,$20.23
9/16/15,Queen Bee,128,"2,408","2,091","8,156",$991,25,0.31%,$0.12,$39.63
9/17/15,Z Force,234,"1,561",916,"4,993","$11,706",414,8.29%,$2.34,$28.28
9/17/15,Ranger Danger,"3,044","5,186","3,874","15,912","$16,720",969,6.09%,$1.05,$17.25
9/17/15,Queen Bee,"1,033","3,084","2,171","11,607","$7,133",128,1.10%,$0.61,$55.73
9/18/15,Z Force,382,"1,782","1,030","5,567","$9,869",404,7.26%,$1.77,$24.43
9/18/15,Ranger Danger,"2,373","5,175","3,943","16,125","$13,968",899,5.58%,$0.87,$15.54
9/18/15,Queen Bee,745,"3,641","3,107","12,843","$7,911",163,1.27%,$0.62,$48.53
9/19/15,Z Force,497,"1,819","1,218","6,133","$9,618",427,6.96%,$1.57,$22.53
9/19/15,Ranger Danger,"3,501","6,274","4,605","17,435","$14,435",970,5.56%,$0.83,$14.88
9/19/15,Queen Bee,512,"4,043","3,392","12,581","$4,139",129,1.03%,$0.33,$32.09
9/20/15,Z Force,397,"1,707","1,151","5,892","$8,207",397,6.74%,$1.39,$20.67
9/20/15,Ranger Danger,"3,517","6,605","5,178","18,147","$12,793",925,5.10%,$0.70,$13.83
9/20/15,Queen Bee,420,"4,096","3,323","12,154","$5,578",107,0.88%,$0.46,$52.13
9/21/15,Z Force,281,"1,511",892,"5,155","$8,068",337,6.54%,$1.57,$23.94
9/21/15,Ranger Danger,"3,182","6,046","4,750","16,433","$11,094",705,4.29%,$0.68,$15.74
9/21/15,Queen Bee,381,"3,396","2,869","11,615","$2,876",88,0.76%,$0.25,$32.68
9/22/15,Z Force,746,"1,667",943,"5,842","$7,234",316,5.41%,$1.24,$22.89
9/22/15,Ranger Danger,"3,115","5,395","4,380","15,998","$9,376",634,3.96%,$0.59,$14.79
9/22/15,Queen Bee,294,"3,280","2,782","11,220","$3,243",86,0.77%,$0.29,$37.71
9/23/15,Z Force,817,"1,639",934,"6,035","$6,345",310,5.14%,$1.05,$20.47
9/23/15,Ranger Danger,"1,651","4,113","2,136","14,113","$9,615",658,4.66%,$0.68,$14.61
9/23/15,Queen Bee,252,"3,353","2,802","10,874","$2,878",80,0.74%,$0.26,$35.97
9/24/15,Z Force,621,"1,700",966,"5,919","$8,918",332,5.61%,$1.51,$26.86
9/24/15,Ranger Danger,"3,296","5,472","3,655","14,542","$8,750",628,4.32%,$0.60,$13.93
9/24/15,Queen Bee,230,"3,008","2,142","10,391","$4,061",141,1.36%,$0.39,$28.80
9/25/15,Z Force,581,"1,849","1,088","6,303","$8,293",364,5.78%,$1.32,$22.78
9/25/15,Ranger Danger,"2,605","5,520","3,996","15,226","$14,969",796,5.23%,$0.98,$18.81
9/25/15,Queen Bee,278,"3,738","3,158","11,312","$6,586",198,1.75%,$0.58,$33.26
9/26/15,Z Force,679,"1,899","1,295","6,896","$9,085",417,6.05%,$1.32,$21.79
9/26/15,Ranger Danger,"2,002","5,562","4,725","15,758","$13,725",835,5.30%,$0.87,$16.44
9/26/15,Queen Bee,302,"4,240","3,486","11,672","$4,038",140,1.20%,$0.35,$28.84
9/27/15,Z Force,581,"1,853","1,261","6,673","$7,903",372,5.58%,$1.18,$21.24
9/27/15,Ranger Danger,"2,588","5,547","4,510","16,112","$11,352",761,4.72%,$0.70,$14.92
9/27/15,Queen Bee,310,"4,391","3,418","11,674","$3,835",129,1.11%,$0.33,$29.73
9/28/15,Z Force,374,"1,679",974,"5,705","$5,356",296,5.19%,$0.94,$18.09
9/28/15,Ranger Danger,"3,185","5,584","4,177","15,482","$10,235",654,4.22%,$0.66,$15.65
9/28/15,Queen Bee,274,"3,871","3,020","11,271","$3,050",115,1.02%,$0.27,$26.52
9/29/15,Z Force,342,"1,609",948,"5,559","$6,772",295,5.31%,$1.22,$22.96
9/29/15,Ranger Danger,"3,290","5,261","4,064","15,311","$9,361",620,4.05%,$0.61,$15.10
9/29/15,Queen Bee,250,"3,758","2,960","11,096","$2,890",89,0.80%,$0.26,$32.47
9/30/15,Z Force,322,"1,591",880,"5,433","$6,145",270,4.97%,$1.13,$22.76
9/30/15,Ranger Danger,"3,232","5,055","2,933","14,378","$7,401",574,3.99%,$0.51,$12.89
9/30/15,Queen Bee,223,"3,749","2,945","10,884","$3,743",97,0.89%,$0.34,$38.59
10/1/15,Z Force,292,"1,569",902,"5,354","$7,656",300,5.60%,$1.43,$25.52
10/1/15,Ranger Danger,"2,519","4,433","3,310","13,886","$10,510",678,4.88%,$0.76,$15.50
10/1/15,Queen Bee,218,"2,997","2,364","10,479","$8,137",226,2.16%,$0.78,$36.01
10/2/15,Z Force,491,"1,832","1,052","5,945","$8,674",383,6.44%,$1.46,$22.65
10/2/15,Ranger Danger,"3,398","4,090","3,129","15,175","$9,918",670,4.42%,$0.65,$14.80
10/2/15,Queen Bee,245,"3,570","3,008","11,413","$9,501",249,2.18%,$0.83,$38.16
10/3/15,Z Force,606,"1,886","1,260","6,567","$8,103",418,6.37%,$1.23,$19.39
10/3/15,Ranger Danger,"1,664","4,754","3,567","14,059","$11,051",753,5.36%,$0.79,$14.68
10/3/15,Queen Bee,269,"5,326","4,550","12,513","$26,081",461,3.68%,$2.08,$56.58
10/4/15,Z Force,531,"1,818","1,202","6,428","$6,731",410,6.38%,$1.05,$16.42
10/4/15,Ranger Danger,"2,736","4,697","3,620","15,034","$9,635",718,4.78%,$0.64,$13.42
10/4/15,Queen Bee,305,"4,110","3,392","11,827","$3,196",131,1.11%,$0.27,$24.40
10/5/15,Z Force,376,"1,524",866,"5,430","$5,897",311,5.73%,$1.09,$18.96
10/5/15,Ranger Danger,"3,634","4,012","2,974","15,009","$8,944",633,4.22%,$0.60,$14.13
10/5/15,Queen Bee,209,"3,389","2,828","10,797","$3,214",85,0.79%,$0.30,$37.81
10/6/15,Z Force,268,"1,501",879,"5,182","$5,740",286,5.52%,$1.11,$20.07
10/6/15,Ranger Danger,"3,454","4,072","2,926","13,831","$7,920",594,4.30%,$0.57,$13.33
10/6/15,Queen Bee,202,"3,412","2,877","10,915","$2,981",84,0.77%,$0.27,$35.48
10/7/15,Z Force,293,"1,462",815,"5,101","$5,665",278,5.45%,$1.11,$20.38
10/7/15,Ranger Danger,"1,365","3,147","1,985","11,530","$6,944",545,4.73%,$0.60,$12.74
10/7/15,Queen Bee,196,"3,435","2,935","10,757","$2,853",96,0.89%,$0.27,$29.72
10/8/15,Z Force,245,"1,485",834,"5,004","$6,121",288,5.76%,$1.22,$21.25
10/8/15,Ranger Danger,"2,691","4,782","3,308","12,447","$7,125",566,4.55%,$0.57,$12.59
10/8/15,Queen Bee,267,"3,427","2,591","11,299","$4,117",208,1.84%,$0.36,$19.79
10/9/15,Z Force,357,"1,704",991,"5,813","$17,980",591,10.17%,$3.09,$30.42
10/9/15,Ranger Danger,"2,618","5,089","3,901","14,178","$8,481",590,4.16%,$0.60,$14.37
10/9/15,Queen Bee,302,"3,839","3,339","12,249","$4,467",186,1.52%,$0.36,$24.01
10/10/15,Z Force,437,"1,773","1,148","6,265","$5,314",338,5.40%,$0.85,$15.72
10/10/15,Ranger Danger,"1,656","5,209","4,298","15,155","$8,316",657,4.34%,$0.55,$12.66
10/10/15,Queen Bee,388,"4,250","3,635","12,526","$3,449",145,1.16%,$0.28,$23.79
10/11/15,Z Force,401,"1,659","1,109","6,017","$5,310",308,5.12%,$0.88,$17.24
10/11/15,Ranger Danger,"3,029","5,193","4,141","16,637","$8,664",679,4.08%,$0.52,$12.76
10/11/15,Queen Bee,374,"4,171","3,534","12,380","$4,212",114,0.92%,$0.34,$36.94
10/12/15,Z Force,635,"1,556",958,"7,040","$6,500",297,4.22%,$0.92,$21.89
10/12/15,Ranger Danger,"3,279","5,171","3,995","15,864","$8,915",578,3.64%,$0.56,$15.42
10/12/15,Queen Bee,579,"3,956","3,293","12,230","$3,740",108,0.88%,$0.31,$34.63
10/13/15,Z Force,265,"1,476",827,"5,449","$5,430",280,5.14%,$1.00,$19.39
10/13/15,Ranger Danger,"2,808","5,237","3,665","15,552","$7,372",553,3.56%,$0.47,$13.33
10/13/15,Queen Bee,537,"3,921","3,336","12,095","$2,036",92,0.76%,$0.17,$22.13
10/14/15,Z Force,275,"1,431",813,"5,252","$5,995",268,5.10%,$1.14,$22.37
10/14/15,Ranger Danger,"3,813","5,013","3,640","15,658","$8,943",570,3.64%,$0.57,$15.69
10/14/15,Queen Bee,466,"3,841","3,250","11,909","$2,737",99,0.83%,$0.23,$27.65
10/15/15,Z Force,236,"1,790",986,"4,986","$36,099",722,14.48%,$7.24,$50.00
10/15/15,Ranger Danger,"2,409","4,188","2,405","12,878","$7,206",500,3.88%,$0.56,$14.41
10/15/15,Queen Bee,413,"3,293","2,760","11,538","$2,166",78,0.68%,$0.19,$27.77
10/16/15,Z Force,327,"2,146","1,252","5,796","$23,541",606,10.46%,$4.06,$38.85
10/16/15,Ranger Danger,"2,925","4,573","3,348","14,714","$8,511",624,4.24%,$0.58,$13.64
10/16/15,Queen Bee,524,"3,848","3,391","12,516","$2,661",93,0.74%,$0.21,$28.61
10/17/15,Z Force,434,"2,170","1,428","6,270","$15,917",523,8.34%,$2.54,$30.43
10/17/15,Ranger Danger,"1,873","4,714","3,795","14,457","$10,613",708,4.90%,$0.73,$14.99
10/17/15,Queen Bee,428,"4,335","3,749","12,504","$3,663",111,0.89%,$0.29,$33.00
10/18/15,Z Force,421,"2,046","1,359","6,253","$14,885",472,7.55%,$2.38,$31.54
10/18/15,Ranger Danger,"3,600","5,690","4,178","16,027","$8,248",630,3.93%,$0.51,$13.09
10/18/15,Queen Bee,407,"4,521","3,624","12,394","$3,112",106,0.86%,$0.25,$29.36
10/19/15,Z Force,251,"1,864","1,106","5,410","$12,150",398,7.36%,$2.25,$30.53
10/19/15,Ranger Danger,"2,760","4,112","3,083","14,368","$7,141",580,4.04%,$0.50,$12.31
10/19/15,Queen Bee,355,"3,833","3,219","11,902","$2,337",82,0.69%,$0.20,$28.50
10/20/15,Z Force,275,"1,760","1,064","5,166","$8,972",346,6.70%,$1.74,$25.93
10/20/15,Ranger Danger,"2,526","4,152","2,890","13,411","$6,583",527,3.93%,$0.49,$12.49
10/20/15,Queen Bee,376,"3,837","3,222","11,582","$2,448",72,0.62%,$0.21,$34.00
10/21/15,Z Force,272,"1,804",964,"5,133","$25,436",483,9.41%,$4.96,$52.66
10/21/15,Ranger Danger,"2,172","3,630","2,152","13,329","$16,987",832,6.24%,$1.27,$20.42
10/21/15,Queen Bee,505,"3,679","3,168","12,018","$1,578",67,0.56%,$0.13,$23.55
10/22/15,Z Force,274,"1,741","1,055","5,281","$16,305",384,7.27%,$3.09,$42.46
10/22/15,Ranger Danger,"2,158","3,796","2,639","13,716","$12,710",803,5.85%,$0.93,$15.83
10/22/15,Queen Bee,264,"3,646","2,715","11,679","$7,468",149,1.28%,$0.64,$50.12
10/23/15,Z Force,372,"1,969","1,191","5,612","$15,637",423,7.54%,$2.79,$36.97
10/23/15,Ranger Danger,"2,652","4,626","3,273","14,779","$12,060",809,5.47%,$0.82,$14.91
10/23/15,Queen Bee,87,"4,464","3,825","12,387","$6,487",159,1.28%,$0.52,$40.80
10/24/15,Z Force,621,"2,076","1,392","6,392","$11,613",377,5.90%,$1.82,$30.80
10/24/15,Ranger Danger,"1,814","4,789","3,709","14,748","$11,699",846,5.74%,$0.79,$13.83
10/24/15,Queen Bee,102,"4,858","4,195","12,380","$4,104",133,1.07%,$0.33,$30.86
10/25/15,Z Force,445,"1,964","1,254","6,269","$9,208",369,5.89%,$1.47,$24.96
10/25/15,Ranger Danger,"2,795","4,637","3,580","15,719","$11,409",787,5.01%,$0.73,$14.50
10/25/15,Queen Bee,112,"4,913","4,036","12,555","$3,294",103,0.82%,$0.26,$31.98
10/26/15,Z Force,265,"1,612",662,"5,377","$9,135",275,5.11%,$1.70,$33.22
10/26/15,Ranger Danger,"3,030","5,214","3,661","15,407","$34,445","1,484",9.63%,$2.24,$23.21
10/26/15,Queen Bee,97,"4,329","3,615","11,897","$2,185",85,0.71%,$0.18,$25.71
10/27/15,Z Force,258,"1,423",789,"5,228","$6,908",288,5.51%,$1.32,$23.99
10/27/15,Ranger Danger,"2,510","4,908","3,216","19,441","$45,486","3,746",19.27%,$2.34,$12.14
10/27/15,Queen Bee,103,"4,148","3,600","11,788","$2,460",76,0.65%,$0.21,$32.37
10/28/15,Z Force,267,"1,669",920,"5,020","$7,232",261,5.20%,$1.44,$27.71
10/28/15,Ranger Danger,"2,823","4,625","3,308","17,839","$27,751","1,947",10.91%,$1.56,$14.25
10/28/15,Queen Bee,116,"4,189","3,549","11,557","$1,857",73,0.63%,$0.16,$25.44
10/29/15,Z Force,210,"1,400",785,"4,545","$4,896",241,5.30%,$1.08,$20.32
10/29/15,Ranger Danger,"2,769","4,445","3,223","15,576","$17,302",976,6.27%,$1.11,$17.73
10/29/15,Queen Bee,108,"3,931","3,337","11,632","$16,626",258,2.22%,$1.43,$64.44
10/30/15,Z Force,298,"1,636",997,"5,125","$16,403",446,8.70%,$3.20,$36.78
10/30/15,Ranger Danger,"2,583","4,872","3,502","15,671","$20,178","1,103",7.04%,$1.29,$18.29
10/30/15,Queen Bee,87,"4,377","3,697","11,972","$11,823",232,1.94%,$0.99,$50.96
10/31/15,Z Force,336,"1,602","1,140","5,887","$10,728",358,6.08%,$1.82,$29.97
10/31/15,Ranger Danger,"2,270","4,857","3,791","15,937","$19,144","1,107",6.95%,$1.20,$17.29
10/31/15,Queen Bee,77,"4,676","3,988","11,805","$9,280",189,1.60%,$0.79,$49.10
11/1/15,Z Force,315,"1,721","1,085","5,471","$8,339",323,5.90%,$1.52,$25.82
11/1/15,Ranger Danger,"2,582","4,815","3,090","16,282","$16,436","1,052",6.46%,$1.01,$15.62
11/1/15,Queen Bee,104,"4,434","3,391","11,575","$2,876",95,0.82%,$0.25,$30.27
11/2/15,Z Force,258,"1,588",933,"4,801","$6,743",285,5.94%,$1.40,$23.66
11/2/15,Ranger Danger,"2,763","5,070","3,666","14,897","$14,002",820,5.50%,$0.94,$17.08
11/2/15,Queen Bee,108,"4,073","3,394","11,485","$1,773",64,0.56%,$0.15,$27.71
11/3/15,Z Force,223,"1,561",872,"4,903","$7,273",304,6.20%,$1.48,$23.92
11/3/15,Ranger Danger,"3,019","5,324","3,787","15,471","$13,378",792,5.12%,$0.86,$16.89
11/3/15,Queen Bee,101,"3,528","2,920","11,018","$2,107",66,0.60%,$0.19,$31.93
11/4/15,Z Force,216,"1,552",812,"4,624","$7,551",287,6.21%,$1.63,$26.31
11/4/15,Ranger Danger,"2,822","5,115","3,343","15,018","$11,419",682,4.54%,$0.76,$16.74
11/4/15,Queen Bee,118,"3,640","3,080","10,815","$2,438",79,0.73%,$0.23,$30.86
11/5/15,Z Force,245,"1,515",899,"4,726","$6,736",275,5.82%,$1.43,$24.49
11/5/15,Ranger Danger,"3,196","5,147","3,961","15,929","$12,504",772,4.85%,$0.78,$16.20
11/5/15,Queen Bee,51,"3,061","1,648","9,844","$11,385",270,2.74%,$1.16,$42.17
11/6/15,Z Force,261,"1,734","1,007","5,250","$8,832",320,6.10%,$1.68,$27.60
11/6/15,Ranger Danger,"3,582","5,602","4,223","16,626","$14,162",856,5.15%,$0.85,$16.54
11/6/15,Queen Bee,92,"3,840","3,218","11,271","$11,691",269,2.39%,$1.04,$43.46
11/7/15,Z Force,388,"1,849","1,200","5,817","$9,665",356,6.12%,$1.66,$27.15
11/7/15,Ranger Danger,"1,561","5,608","4,455","15,532","$15,855",988,6.36%,$1.02,$16.05
11/7/15,Queen Bee,96,"5,426","4,735","11,611","$13,948",244,2.10%,$1.20,$57.17
11/8/15,Z Force,357,"1,775","1,138","5,597","$8,592",363,6.49%,$1.54,$23.67
11/8/15,Ranger Danger,"3,378","5,610","4,425","17,674","$13,068",886,5.01%,$0.74,$14.75
11/8/15,Queen Bee,107,"4,250","3,637","11,145","$3,867",118,1.06%,$0.35,$32.77
11/9/15,Z Force,255,"1,582",929,"4,838","$5,572",241,4.98%,$1.15,$23.12
11/9/15,Ranger Danger,"3,077","5,134","3,995","15,577","$10,900",669,4.30%,$0.70,$16.29
11/9/15,Queen Bee,94,"3,673","3,066","10,528","$3,249",106,1.01%,$0.31,$30.65
11/10/15,Z Force,242,"1,649",942,"5,368","$7,143",270,5.03%,$1.33,$26.45
11/10/15,Ranger Danger,"2,824","4,976","3,450","15,091","$10,507",588,3.90%,$0.70,$17.87
11/10/15,Queen Bee,114,"3,528","3,053","10,254","$3,778",92,0.90%,$0.37,$41.07
11/11/15,Z Force,280,"1,581",994,"5,554","$7,603",282,5.08%,$1.37,$26.96
11/11/15,Ranger Danger,"3,265","5,040","3,851","15,598","$9,830",633,4.06%,$0.63,$15.53
11/11/15,Queen Bee,94,"3,562","3,017","10,250","$1,800",76,0.74%,$0.18,$23.68
11/12/15,Z Force,244,"2,055","1,138","5,273","$25,878",576,10.92%,$4.91,$44.93
11/12/15,Ranger Danger,"2,187","4,000","2,786","14,887","$7,021",469,3.15%,$0.47,$14.97
11/12/15,Queen Bee,69,"2,913","2,520","9,978","$2,566",76,0.76%,$0.26,$33.77
11/13/15,Z Force,434,"2,090","1,253","5,899","$15,667",504,8.54%,$2.66,$31.09
11/13/15,Ranger Danger,"2,428","4,085","2,572","15,096","$8,664",548,3.63%,$0.57,$15.81
11/13/15,Queen Bee,82,"3,589","2,986","10,655","$3,552",88,0.83%,$0.33,$40.37
11/14/15,Z Force,410,"2,126","1,423","6,256","$14,245",441,7.05%,$2.28,$32.30
11/14/15,Ranger Danger,"1,513","5,452","4,101","15,033","$8,984",622,4.14%,$0.60,$14.44
11/14/15,Queen Bee,139,"3,927","3,374","10,576","$3,169",89,0.84%,$0.30,$35.61
11/15/15,Z Force,338,"1,995","1,306","6,052","$12,802",398,6.58%,$2.12,$32.17
11/15/15,Ranger Danger,"2,901","5,242","4,134","16,695","$9,900",816,4.89%,$0.59,$12.13
11/15/15,Queen Bee,107,"3,945","3,303","10,291","$2,483",81,0.79%,$0.24,$30.66
11/16/15,Z Force,285,"1,774","1,002","5,332","$8,756",321,6.02%,$1.64,$27.28
11/16/15,Ranger Danger,"3,121","5,229","4,038","15,261","$6,684",493,3.23%,$0.44,$13.56
11/16/15,Queen Bee,92,"3,519","2,938","10,009","$2,472",77,0.77%,$0.25,$32.11
11/17/15,Z Force,291,"1,688",981,"5,337","$7,490",317,5.94%,$1.40,$23.63
11/17/15,Ranger Danger,"2,803","4,874","3,887","14,623","$6,731",431,2.95%,$0.46,$15.62
11/17/15,Queen Bee,77,"3,489","2,900","9,797","$2,251",71,0.73%,$0.23,$31.71
11/18/15,Z Force,241,"1,588",878,"5,417","$8,758",319,5.89%,$1.62,$27.45
11/18/15,Ranger Danger,"2,637","4,945","3,485","13,759","$12,880",652,4.74%,$0.94,$19.75
11/18/15,Queen Bee,79,"3,478","2,919","10,030","$2,073",66,0.66%,$0.21,$31.41
11/19/15,Z Force,274,"1,602",896,"5,365","$9,577",348,6.49%,$1.79,$27.52
11/19/15,Ranger Danger,"4,200","4,766","3,590","16,542","$9,567",538,3.25%,$0.58,$17.78
11/19/15,Queen Bee,69,"2,787","2,369","9,504","$8,176",201,2.12%,$0.86,$40.68
11/20/15,Z Force,329,"1,806","1,000","5,728","$9,438",351,6.13%,$1.65,$26.89
11/20/15,Ranger Danger,"5,617","4,948","3,772","17,066","$10,342",584,3.42%,$0.61,$17.71
11/20/15,Queen Bee,71,"3,842","3,295","11,184","$12,362",313,2.80%,$1.11,$39.50
11/21/15,Z Force,453,"1,978","1,302","6,250","$6,874",332,5.31%,$1.10,$20.70
11/21/15,Ranger Danger,"1,781","5,256","4,300","13,359","$9,547",546,4.09%,$0.71,$17.48
11/21/15,Queen Bee,101,"4,171","3,596","10,555","$10,391",277,2.62%,$0.98,$37.51
11/22/15,Z Force,414,"1,845","1,290","6,167","$8,643",337,5.47%,$1.40,$25.65
11/22/15,Ranger Danger,"3,228","4,767","3,876","15,525","$8,309",519,3.34%,$0.54,$16.01
11/22/15,Queen Bee,88,"4,322","3,538","10,445","$7,136",186,1.78%,$0.68,$38.37
11/23/15,Z Force,298,"1,860","1,052","5,565","$6,960",287,5.16%,$1.25,$24.25
11/23/15,Ranger Danger,"2,316","4,140","3,230","15,727","$22,953","1,636",10.40%,$1.46,$14.03
11/23/15,Queen Bee,101,"3,727","3,158","10,021","$4,479",133,1.33%,$0.45,$33.68
11/24/15,Z Force,316,"1,723",977,"5,235","$44,300",808,15.44%,$8.46,$54.83
11/24/15,Ranger Danger,"4,103","4,651","2,933","18,436","$14,549","1,149",6.23%,$0.79,$12.66
11/24/15,Queen Bee,129,"3,589","3,118","9,898","$3,727",104,1.05%,$0.38,$35.83
11/25/15,Z Force,354,"1,708","1,054","5,931","$22,370",661,11.15%,$3.77,$33.84
11/25/15,Ranger Danger,590,"4,574","3,551","15,242","$10,457",850,5.58%,$0.69,$12.30
11/25/15,Queen Bee,99,"3,724","3,157","9,779","$4,925",112,1.15%,$0.50,$43.97
11/26/15,Z Force,361,"1,618","1,035","5,606","$17,727",608,10.85%,$3.16,$29.16
11/26/15,Ranger Danger,"1,127","4,403","3,181","15,301","$9,212",859,5.61%,$0.60,$10.72
11/26/15,Queen Bee,110,"3,579","3,096","9,930","$4,438",124,1.25%,$0.45,$35.79
11/27/15,Z Force,363,"1,708","1,106","5,691","$17,777",598,10.51%,$3.12,$29.73
11/27/15,Ranger Danger,"1,711","4,471","3,558","16,454","$13,650",977,5.94%,$0.83,$13.97
11/27/15,Queen Bee,117,"3,677","3,211","9,757","$7,445",157,1.61%,$0.76,$47.42
11/28/15,Z Force,358,"1,737","1,146","5,630","$12,036",514,9.13%,$2.14,$23.42
11/28/15,Ranger Danger,868,"4,891","3,883","15,769","$13,376","1,041",6.60%,$0.85,$12.85
11/28/15,Queen Bee,114,"4,081","3,506","9,868","$4,169",121,1.23%,$0.42,$34.45
11/29/15,Z Force,318,"1,592","1,037","5,346","$9,493",418,7.82%,$1.78,$22.71
11/29/15,Ranger Danger,"1,726","4,571","3,834","16,456","$8,235",837,5.09%,$0.50,$9.84
11/29/15,Queen Bee,87,"4,079","3,400","9,809","$4,658",114,1.16%,$0.47,$40.86
11/30/15,Z Force,245,"1,406",796,"4,652","$18,825",513,11.03%,$4.05,$36.70
11/30/15,Ranger Danger,"1,238","4,751","3,494","15,048","$22,726","1,414",9.40%,$1.51,$16.07
11/30/15,Queen Bee,98,"3,548","3,068","9,448","$4,895",122,1.29%,$0.52,$40.12
12/1/15,Z Force,221,"1,360",734,"4,437","$13,104",412,9.29%,$2.95,$31.81
12/1/15,Ranger Danger,"1,781","4,574","3,629","15,518","$10,858",753,4.85%,$0.70,$14.42
12/1/15,Queen Bee,90,"3,591","3,032","9,703","$5,488",139,1.43%,$0.57,$39.48
12/2/15,Z Force,249,"1,366",767,"4,573","$11,011",388,8.49%,$2.41,$28.38
12/2/15,Ranger Danger,763,"3,703","2,489","14,238","$5,372",355,2.49%,$0.38,$15.13
12/2/15,Queen Bee,106,"3,459","3,004","9,570","$7,245",165,1.72%,$0.76,$43.91
12/3/15,Z Force,229,"1,378",757,"4,534","$10,789",377,8.32%,$2.38,$28.62
12/3/15,Ranger Danger,"2,029","3,815","3,168","15,107","$6,764",429,2.84%,$0.45,$15.77
12/3/15,Queen Bee,99,"2,683","2,250","9,171",$845,35,0.38%,$0.09,$24.15
12/4/15,Z Force,290,"1,649",877,"5,107","$13,841",483,9.46%,$2.71,$28.66
12/4/15,Ranger Danger,"1,036","4,363","3,345","15,179","$7,189",452,2.98%,$0.47,$15.91
12/4/15,Queen Bee,103,"3,213","2,870","9,603","$1,174",40,0.42%,$0.12,$29.35
12/5/15,Z Force,403,"1,712","1,092","5,688","$13,613",509,8.95%,$2.39,$26.74
12/5/15,Ranger Danger,478,"4,463","3,547","15,363","$8,477",533,3.47%,$0.55,$15.90
12/5/15,Queen Bee,93,"4,671","4,102","10,159","$18,867",364,3.58%,$1.86,$51.83
12/6/15,Z Force,362,"1,559","1,024","5,396","$13,559",477,8.84%,$2.51,$28.42
12/6/15,Ranger Danger,"1,267","3,927","3,214","15,881","$7,300",502,3.16%,$0.46,$14.54
12/6/15,Queen Bee,99,"3,808","3,225","9,651",$996,40,0.41%,$0.10,$24.89
12/7/15,Z Force,253,"1,472",817,"4,700","$8,580",361,7.68%,$1.83,$23.77
12/7/15,Ranger Danger,"2,203","4,647","3,523","15,997","$6,912",470,2.94%,$0.43,$14.71
12/7/15,Queen Bee,96,"3,272","2,866","9,345",$801,37,0.40%,$0.09,$21.66
12/8/15,Z Force,237,"1,467",781,"4,746","$8,103",386,8.13%,$1.71,$20.99
12/8/15,Ranger Danger,"1,960","3,765","3,101","16,751","$7,987",486,2.90%,$0.48,$16.43
12/8/15,Queen Bee,121,"3,430","2,855","9,326","$1,081",49,0.53%,$0.12,$22.06
12/9/15,Z Force,226,"1,480",802,"4,770","$10,789",422,8.85%,$2.26,$25.57
12/9/15,Ranger Danger,"2,468","4,824","3,681","16,828","$5,691",438,2.60%,$0.34,$12.99
12/9/15,Queen Bee,102,"3,091","2,655","9,092",$706,34,0.37%,$0.08,$20.76
12/10/15,Z Force,249,"2,423","1,180","6,273","$24,330","1,007",16.05%,$3.88,$24.16
12/10/15,Ranger Danger,"1,664","5,570","3,221","18,652","$24,845","1,227",6.58%,$1.33,$20.25
12/10/15,Queen Bee,79,"2,519","2,176","8,835",$462,27,0.31%,$0.05,$17.11
12/11/15,Z Force,419,"2,444","1,428","7,187","$18,413",816,11.35%,$2.56,$22.57
12/11/15,Ranger Danger,"2,412","6,007","4,272","20,470","$17,234","1,100",5.37%,$0.84,$15.67
12/11/15,Queen Bee,74,"3,295","2,798","9,260","$1,044",40,0.43%,$0.11,$26.09
12/12/15,Z Force,504,"2,379","1,595","7,708","$14,375",676,8.77%,$1.86,$21.26
12/12/15,Ranger Danger,776,"5,804","4,621","19,674","$14,366","1,053",5.35%,$0.73,$13.64
12/12/15,Queen Bee,93,"3,440","2,981","9,334",$968,43,0.46%,$0.10,$22.50
12/13/15,Z Force,479,"2,291","1,525","7,642","$10,965",599,7.84%,$1.43,$18.31
12/13/15,Ranger Danger,"1,876","5,143","4,038","20,779","$12,144",925,4.45%,$0.58,$13.13
12/13/15,Queen Bee,110,"3,519","2,914","9,151","$1,100",54,0.59%,$0.12,$20.37
12/14/15,Z Force,340,"2,107","1,215","6,784","$10,899",492,7.25%,$1.61,$22.15
12/14/15,Ranger Danger,"2,241","6,320","4,220","19,837","$11,913",810,4.08%,$0.60,$14.71
12/14/15,Queen Bee,62,"3,162","2,674","8,856",$824,33,0.37%,$0.09,$24.97
12/15/15,Z Force,304,"1,996","1,183","6,637","$10,192",428,6.45%,$1.54,$23.81
12/15/15,Ranger Danger,"1,701","5,363","3,783","19,710","$11,312",801,4.06%,$0.57,$14.12
12/15/15,Queen Bee,87,"3,105","2,657","8,762",$938,40,0.46%,$0.11,$23.44
12/16/15,Z Force,278,"1,878","1,056","6,305","$9,045",390,6.19%,$1.43,$23.19
12/16/15,Ranger Danger,"2,480","6,050","3,094","18,841","$18,312",936,4.97%,$0.97,$19.56
12/16/15,Queen Bee,98,"3,132","2,641","8,840",$812,25,0.28%,$0.09,$32.49
12/17/15,Z Force,284,"1,942","1,120","6,776","$9,774",421,6.21%,$1.44,$23.22
12/17/15,Ranger Danger,"2,486","6,207","4,149","19,603","$14,163",910,4.64%,$0.72,$15.56
12/17/15,Queen Bee,54,"2,743","2,059","9,018","$9,019",158,1.75%,$1.00,$57.08
12/18/15,Z Force,350,"1,962","1,159","6,987","$9,165",419,6.00%,$1.31,$21.87
12/18/15,Ranger Danger,"2,545","6,308","4,253","20,393","$14,785",913,4.48%,$0.73,$16.19
12/18/15,Queen Bee,63,"3,299","2,854","9,554","$7,336",126,1.32%,$0.77,$58.22
12/19/15,Z Force,456,"2,090","1,346","7,398","$9,326",448,6.06%,$1.26,$20.82
12/19/15,Ranger Danger,646,"6,382","4,636","18,579","$13,422",921,4.96%,$0.72,$14.57
12/19/15,Queen Bee,73,"3,583","3,063","9,391","$6,867",168,1.79%,$0.73,$40.88
12/20/15,Z Force,450,"2,088","1,360","7,395","$8,723",479,6.48%,$1.18,$18.21
12/20/15,Ranger Danger,"1,923","5,680","4,062","20,076","$14,177",935,4.66%,$0.71,$15.16
12/20/15,Queen Bee,74,"3,480","2,935","9,181","$5,530",159,1.73%,$0.60,$34.78
12/21/15,Z Force,437,"2,125","1,303","7,403","$8,446",430,5.81%,$1.14,$19.64
12/21/15,Ranger Danger,"2,693","6,278","4,291","19,478","$12,524",939,4.82%,$0.64,$13.34
12/21/15,Queen Bee,142,"3,118","2,665","8,896","$5,323",244,2.74%,$0.60,$21.82
12/22/15,Z Force,363,"1,974","1,154","7,020","$5,616",307,4.37%,$0.80,$18.29
12/22/15,Ranger Danger,"2,031","5,305","3,225","18,349","$11,003",796,4.34%,$0.60,$13.82
12/22/15,Queen Bee,130,"3,160","2,647","8,968","$6,401",305,3.40%,$0.71,$20.99
12/23/15,Z Force,378,"2,135","1,291","7,229","$28,914",570,7.89%,$4.00,$50.73
12/23/15,Ranger Danger,"2,695","6,457","4,428","18,579","$62,832","1,650",8.88%,$3.38,$38.08
12/23/15,Queen Bee,112,"3,134","2,701","8,816","$4,293",194,2.20%,$0.49,$22.13
12/24/15,Z Force,339,"1,830","1,262","6,925","$25,324",610,8.81%,$3.66,$41.52
12/24/15,Ranger Danger,"2,550","5,705","4,250","18,240","$34,183","1,254",6.88%,$1.87,$27.26
12/24/15,Queen Bee,111,"3,156","2,707","8,902","$6,063",222,2.49%,$0.68,$27.31
12/25/15,Z Force,355,"1,926","1,211","6,839","$21,137",579,8.47%,$3.09,$36.51
12/25/15,Ranger Danger,468,"5,827","4,268","15,458","$33,151","1,361",8.81%,$2.14,$24.36
12/25/15,Queen Bee,113,"3,298","2,823","8,882","$4,514",193,2.17%,$0.51,$23.39
12/26/15,Z Force,341,"1,837","1,223","6,398","$18,277",564,8.82%,$2.86,$32.41
12/26/15,Ranger Danger,"1,504","4,564","3,759","15,955","$25,805","1,134",7.11%,$1.62,$22.76
12/26/15,Queen Bee,108,"3,379","2,897","9,150","$3,153",143,1.56%,$0.34,$22.05
12/27/15,Z Force,354,"2,025","1,250","6,458","$15,939",548,8.49%,$2.47,$29.09
12/27/15,Ranger Danger,"2,585","6,022","4,269","16,190","$22,319","1,072",6.62%,$1.38,$20.82
12/27/15,Queen Bee,103,"3,375","2,823","8,985","$3,689",146,1.63%,$0.41,$25.27
12/28/15,Z Force,338,"1,978","1,217","6,382","$14,706",500,7.84%,$2.30,$29.41
12/28/15,Ranger Danger,"2,033","4,697","3,721","15,810","$22,820",989,6.26%,$1.44,$23.07
12/28/15,Queen Bee,85,"2,964","2,591","8,796","$3,170",130,1.48%,$0.36,$24.38
12/29/15,Z Force,351,"1,889","1,195","6,285","$15,621",490,7.80%,$2.49,$31.88
12/29/15,Ranger Danger,"1,892","5,068","3,783","14,850","$21,353",979,6.59%,$1.44,$21.81
12/29/15,Queen Bee,69,"3,058","2,658","8,754","$1,356",44,0.50%,$0.15,$30.83
12/30/15,Z Force,313,"1,805","1,100","6,042","$14,824",466,7.71%,$2.45,$31.81
12/30/15,Ranger Danger,"1,346","4,281","3,411","14,548","$17,158",895,6.15%,$1.18,$19.17
12/30/15,Queen Bee,69,"3,072","2,637","8,518","$1,652",61,0.72%,$0.19,$27.08
12/31/15,Z Force,263,"1,612","1,083","5,720","$17,760",496,8.67%,$3.10,$35.81
12/31/15,Ranger Danger,"1,913","5,280","3,490","14,560","$22,482",953,6.55%,$1.54,$23.59
12/31/15,Queen Bee,70,"3,837","3,385","8,898","$9,454",241,2.71%,$1.06,$39.23